3112 4890
666 245 796 303 -42

293 438 347 502 Ita
372 438 434 501 hoc
458 437 564 514 primo
589 436 663 500 loco
679 437 746 502 viri
764 435 865 516 docti,
883 435 940 514 qui
958 435 1168 514 epluymnium
1186 441 1364 514 reponunt,

187 545 315 609 frustra
355 552 465 622 aptam
509 543 749 608 sententiarum
791 542 1076 606 continuationem
1112 548 1262 605 statuere
1294 547 1364 604 stu-

188 651 347 730 duerunt;
382 652 486 715 tertio
530 667 690 714 conexum
731 667 868 727 prorsus
910 649 1041 713 turbari
1075 649 1133 714 vix
1169 665 1363 727 quemquam

187 759 304 836 fugere
340 766 453 837 potest
488 758 553 822 nisi
590 757 662 836 quis
687 757 980 823 Wilamowitzium
1011 757 1164 835 sequitur
1193 754 1244 833 (11
1270 755 1365 819 cuius

188 866 357 930 sententia
380 884 482 943 supra
507 862 587 948 egi).
634 865 746 928 Nihilo
771 864 881 928 secius
906 862 1069 942 quomodo
1095 864 1201 927 ceteri
1231 862 1366 943 ephym-

188 972 275 1036 nium
311 962 505 1037 restitutum
540 970 727 1053 defendant,
764 978 874 1035 utrum
911 969 1061 1036 adhibito
1097 970 1156 1033 illo
1193 961 1225 1052 tq
1257 962 1367 1029 κόπον

188 1080 436 1158 Aristophaneo
472 1098 513 1143 an
549 1079 659 1160 aliter,
696 1079 825 1157 nescio;
861 1078 1036 1143 Wecklein
1071 1078 1126 1141 hic
1160 1076 1200 1140 de
1225 1077 1284 1141 illo
1309 1074 1365 1140 ad-

188 1187 358 1261 miniculo,
395 1193 431 1250 ut
466 1185 619 1263 videtur,
653 1184 833 1264 desperans
861 1185 943 1249 haec
968 1184 1079 1265 habat,
1103 1191 1141 1248 ut
1165 1185 1238 1248 eius
1262 1184 1366 1250 verba

188 1292 322 1357 aderam
347 1292 410 1372 (ed.
437 1293 590 1357 Orestiao
615 1292 655 1357 ad
680 1311 711 1359 1.
738 1293 852 1373 15661
900 1292 951 1356 Da
975 1290 1033 1355 das
1060 1291 1279 1372 EphymnIum
1303 1309 1367 1354 nur

189 1401 263 1464 eine
289 1399 553 1478 Wiederholung
592 1400 646 1481 ist,
684 1400 842 1464 schliesst
879 1399 950 1463 sich
980 1397 1033 1462 die
1058 1398 1283 1476 Erwiderung
1307 1397 1367 1462 dor

189 1507 283 1587 Klyt.
313 1526 355 1571 an
388 1506 446 1571 das
480 1506 762 1586 Vorhergehende
794 1526 846 1571 an.
893 1507 987 1570 Beim
1014 1507 1162 1583 Vortrag
1186 1504 1269 1570 wird
1294 1504 1366 1569 dies

190 1613 336 1679 dadurclr
372 1614 458 1696 klar,
495 1613 571 1678 dass
607 1614 700 1695 Klyt.
737 1615 810 1678 sich
848 1612 920 1677 dem
955 1614 1050 1677 Teilo
1075 1612 1132 1677 des
1158 1612 1284 1677 Chores
1309 1631 1365 1676 zu-

189 1720 331 1802 wendet,
357 1720 416 1785 dor
442 1726 660 1785 lose—1565
686 1726 742 1797 t:
759 1728 826 1784 ant.
844 1717 874 1804 a)
898 1738 1070 1799 gesungen
1100 1720 1167 1787 hat.
1221 1716 1366 1802 (Similia

190 1829 307 1892 Fleck.
332 1828 387 1893 Jb.
413 1829 520 1906 suppl.
546 1828 641 1908 XIII,
659 1848 691 1906 p.
709 1827 797 1909 231).
845 1826 908 1891 Sed
934 1846 1031 1906 quam
1059 1828 1142 1893 bene
1171 1845 1366 1906 responsum

190 1936 454 2017 Clytaemestrae
493 1934 638 1999 secundo
678 1936 752 2000 loco
796 1934 837 1999 ad
878 1935 1089 2019 ephymnium
1125 1953 1160 1998 se
1207 1935 1364 2015 applicet,

190 2060 375 2121 quanquam
411 2041 446 2106 id
480 2042 587 2121 ipsum
624 2061 754 2121 quoque
790 2060 880 2106 mera
921 2043 1125 2121 repetitione
1161 2043 1364 2122 continetur,

189 2169 253 2214 non
279 2147 320 2214 ad
356 2167 405 2230 ea,
442 2167 525 2228 quae
561 2148 776 2231 praecedunt,
813 2148 966 2214 vidimus
1014 2150 1198 2214 Praeterea
1234 2148 1365 2214 etiamsi

191 2262 318 2320 certum
343 2265 443 2337 esset,
469 2254 556 2335 quod
581 2255 713 2335 (Fleck.
737 2256 794 2321 Jb.
819 2257 841 2320 l.
866 2257 903 2335 l.)
929 2257 1064 2337 statuit,
1095 2257 1249 2336 strophas
1278 2257 1365 2320 anti-

190 2364 410 2444 strophasque
428 2382 458 2445 u,
476 2383 502 2447 y,
521 2381 537 2423 1
560 2365 663 2428 trium
687 2365 845 2428 carminis
869 2365 1015 2443 partium
1040 2363 1233 2443 deincepsa
1255 2364 1365 2428 tribus

189 2472 328 2548 στοίχοις
344 2471 438 2536 chori
455 2480 606 2537 cantatas
624 2490 749 2537 esse-
766 2471 852 2551 quod
869 2473 1003 2536 minime
1020 2480 1147 2536 certum
1165 2478 1232 2556 est;
1251 2470 1366 2537 confer

191 2597 275 2658 quae
293 2586 410 2643 contra
427 2578 510 2645 dicit
526 2579 611 2643 Muff
624 2576 755 2663 (Fleck.
773 2579 828 2644 Jb.
849 2585 932 2645 1883
951 2579 1127 2662 plosqq.)
1145 2615 1187 2623 —
1205 2596 1365 2657 quaeren-

192 2685 266 2756 dum
290 2692 392 2767 esset,
408 2705 485 2749 num
501 2686 575 2750 fieri
588 2687 747 2766 potuerit,
766 2694 802 2751 ut
819 2687 1064 2766 Clytaemestra
1081 2687 1195 2753 verbis
1221 2680 1251 2754 ἐς
1274 2678 1365 2746 τόνδ’

191 2787 301 2873 ἐνέβης
325 2785 384 2864 [ado
408 2785 552 2874 ἀληθείᾳ
578 2786 721 2874 χρησμόν
751 2793 889 2858 tertium
913 2798 1042 2870 στοῖχον
1066 2793 1269 2871 compellans
1300 2810 1364 2856 non

190 2906 297 2963 totum
323 2900 459 2963 chorum
484 2900 683 2977 compellare
708 2899 891 2967 videretur.
939 2902 988 2964 Ac
1013 2901 1130 2964 mirum
1159 2905 1249 2964 esset
1279 2897 1366 2977 quod

191 3015 284 3072 certa
307 3005 497 3086 traditaque
534 3008 684 3085 exempla
720 3008 851 3072 omnino
885 3027 951 3073 non
989 3026 1058 3072 eam
1089 3008 1252 3073 rationem
1276 3025 1365 3070 mon-

191 3122 319 3193 strant,
354 3133 428 3179 nam
465 3122 646 3197 systemate
663 3114 698 3179 II
732 3114 773 3179 ad
809 3116 984 3196 systemal
1009 3124 1043 3180 et
1067 3116 1230 3194 partemd
1252 3113 1365 3192 (simul

163 3271 164 3275 ,
191 3230 300 3286 tamen
325 3222 491 3287 etiamad
516 3224 685 3301 stropham
701 3220 745 3306 a),
771 3231 952 3304 systemate
965 3224 1012 3288 IV
1037 3221 1077 3286 ad
1103 3221 1315 3303 systemallI
1331 3229 1365 3286 et

192 3330 362 3406 stropham
387 3328 414 3410 d,
448 3331 702 3410 antisystemate
722 3331 769 3408 IV
801 3329 843 3394 ad
874 3331 1117 3409 antistropham
1131 3329 1158 3411 d,
1183 3336 1364 3410 systemate

192 3435 239 3500 VI
263 3434 304 3499 ad
328 3442 475 3516 systema
488 3438 515 3499 V
540 3445 574 3502 et
597 3444 726 3514 partem
741 3438 768 3518 ζ,
792 3439 943 3502 omnibus
968 3436 1109 3515 deniquo
1135 3437 1186 3501 his
1215 3437 1299 3500 locis
1324 3434 1365 3499 ad

192 3560 241 3624 ea,
267 3561 351 3621 quae
375 3545 525 3621 proxime
549 3543 760 3625 antecedunt,
784 3545 904 3623 regina
926 3543 1116 3623 respondet,
1134 3543 1175 3608 ad
1193 3563 1232 3608 ea
1248 3544 1365 3624 igitur,

192 3668 332 3729 quorum
363 3652 554 3728 posteriora
585 3653 627 3731 (β,
662 3652 800 3728 stropha
831 3651 1107 3729 antistrophaque
1128 3650 1156 3732 d,
1178 3649 1208 3734 ζ)
1240 3670 1259 3714 a
1291 3657 1364 3715 toto

193 3757 294 3821 choro
320 3764 453 3822 cantata
478 3775 551 3822 esse
576 3759 647 3836 ipse
672 3758 845 3824 Wecklein
869 3757 1050 3824 contendit.

300 3882 391 3963 Quae
416 3901 488 3946 cum
525 3883 572 3947 ita
608 3884 686 3963 sint,
719 3885 854 3949 iteratis
894 3884 1079 3966 ephymniis
1115 3883 1366 3961 compositionis

192 3989 330 4053 formam
355 3988 501 4054 fortasse
525 3989 706 4071 meliorem,
732 3992 972 4057 sententiarum
994 3990 1275 4055 continuationem
1293 3990 1365 4053 sine

194 4094 293 4159 duubio
326 4096 475 4173 peiorem
505 4095 731 4161 reddiderunt.
780 4097 912 4161 Addere
944 4095 1023 4160 mihi
1058 4096 1159 4161 liceat
1195 4100 1364 4176 quaedam,

194 4219 277 4282 quae
313 4202 450 4266 minoris
486 4202 627 4285 quidem,
664 4203 722 4269 sed
757 4211 868 4269 tamen
904 4204 1066 4284 aliquanti
1103 4224 1177 4270 esse
1208 4207 1366 4271 momenti
