<?xml version="1.0" encoding="UTF-8"?>
<!DOCTYPE html PUBLIC "-//W3C//DTD XHTML 1.0 Transitional//EN"
    "http://www.w3.org/TR/xhtml1/DTD/xhtml1-transitional.dtd">
<html xmlns="http://www.w3.org/1999/xhtml" xml:lang="en" lang="en">
 <head>
  <title>
</title>
<meta http-equiv="Content-Type" content="text/html;charset=utf-8" />
  <meta name='ocr-system' content='tesseract 3.04.00' />
  <meta name='ocr-capabilities' content='ocr_page ocr_carea ocr_par ocr_line ocrx_word'/>
</head>
<body>
  <div class='ocr_page' id='page_1' title='image "./deephymniorumap00schwgoog_0040.png"; bbox 0 0 3112 4890; ppageno 0'>
   <div class='ocr_carea' id='block_1_1' title="bbox 662 241 879 311">
    <p class='ocr_par' dir='ltr' id='par_1_1' title="bbox 662 241 879 311">
     <span class='ocr_line' id='line_1_1' title="bbox 662 241 879 311; baseline -0.014 -19"><span class='ocrx_word' id='word_1_1' title='bbox 662 284 698 292; x_wconf 70' lang='grc'><strong>.-</strong></span> <span class='ocrx_word' id='word_1_2' title='bbox 752 241 792 311; x_wconf 79' lang='lat'><strong>35</strong></span> <span class='ocrx_word' id='word_1_3' title='bbox 842 283 879 290; x_wconf 68' lang='grc'><strong>,-</strong></span> 
     </span>
    </p>
   </div>
   <div class='ocr_carea' id='block_1_2' title="bbox 189 431 1361 1275">
    <p class='ocr_par' dir='ltr' id='par_1_2' title="bbox 189 431 1361 1275">
     <span class='ocr_line' id='line_1_2' title="bbox 189 431 1360 527; baseline -0.002 -20"><span class='ocrx_word' id='word_1_4' title='bbox 189 445 279 527; x_wconf 68' lang='grc' dir='ltr'><strong><em>(νέον</em></strong></span> <span class='ocrx_word' id='word_1_5' title='bbox 303 431 383 525; x_wconf 83' lang='grc' dir='ltr'><strong><em>οἶμα</em></strong></span> <span class='ocrx_word' id='word_1_6' title='bbox 412 463 485 510; x_wconf 88' lang='lat' dir='ltr'><strong>esse</strong></span> <span class='ocrx_word' id='word_1_7' title='bbox 515 444 695 510; x_wconf 90' lang='lat' dir='ltr'><strong>iuvenilem</strong></span> <span class='ocrx_word' id='word_1_8' title='bbox 725 444 935 523; x_wconf 81' lang='lat' dir='ltr'><strong>sanguinem3</strong></span> <span class='ocrx_word' id='word_1_9' title='bbox 965 451 1001 507; x_wconf 88' lang='lat' dir='ltr'><strong>at</strong></span> <span class='ocrx_word' id='word_1_10' title='bbox 1025 451 1142 507; x_wconf 88' lang='lat' dir='ltr'><strong>contra</strong></span> <span class='ocrx_word' id='word_1_11' title='bbox 1166 450 1218 507; x_wconf 89' lang='lat' dir='ltr'><strong>est</strong></span> <span class='ocrx_word' id='word_1_12' title='bbox 1241 460 1360 506; x_wconf 88' lang='lat' dir='ltr'><strong>recens</strong></span> 
     </span>
     <span class='ocr_line' id='line_1_3' title="bbox 189 549 1360 632; baseline -0.005 -14"><span class='ocrx_word' id='word_1_13' title='bbox 189 554 283 618; x_wconf 87' lang='lat' dir='ltr'><strong>fusus</strong></span> <span class='ocrx_word' id='word_1_14' title='bbox 307 554 453 632; x_wconf 71' lang='lat' dir='ltr'><strong>sanguis</strong></span> <span class='ocrx_word' id='word_1_15' title='bbox 479 570 585 630; x_wconf 89' lang='lat' dir='ltr'><strong>neque</strong></span> <span class='ocrx_word' id='word_1_16' title='bbox 615 570 751 629; x_wconf 82' lang='lat' dir='ltr'>usquam</span> <span class='ocrx_word' id='word_1_17' title='bbox 782 551 905 616; x_wconf 89' lang='lat' dir='ltr'><strong>dictum</strong></span> <span class='ocrx_word' id='word_1_18' title='bbox 936 559 988 615; x_wconf 89' lang='lat' dir='ltr'><strong>est</strong></span> <span class='ocrx_word' id='word_1_19' title='bbox 1012 549 1261 615; x_wconf 81' lang='lat' dir='ltr'><strong>interfectorem</strong></span> <span class='ocrx_word' id='word_1_20' title='bbox 1286 567 1360 614; x_wconf 88' lang='lat' dir='ltr'><strong>esse</strong></span> 
     </span>
     <span class='ocr_line' id='line_1_4' title="bbox 189 656 1359 741; baseline 0 -20"><span class='ocrx_word' id='word_1_21' title='bbox 189 661 339 741; x_wconf 75' lang='grc' dir='ltr'><strong><em>νεανίαν,</em></strong></span> <span class='ocrx_word' id='word_1_22' title='bbox 378 656 640 739; x_wconf 81' lang='lat' dir='ltr'><strong>adulescentem)</strong></span> <span class='ocrx_word' id='word_1_23' title='bbox 680 676 787 738; x_wconf 90' lang='lat' dir='ltr'><strong>neque</strong></span> <span class='ocrx_word' id='word_1_24' title='bbox 831 677 895 737; x_wconf 80' lang='lat' dir='ltr'><strong>qua</strong></span> <span class='ocrx_word' id='word_1_25' title='bbox 929 658 962 722; x_wconf 86' lang='lat' dir='ltr'><strong>C.</strong></span> <span class='ocrx_word' id='word_1_26' title='bbox 1005 658 1193 738; x_wconf 86' lang='lat' dir='ltr'><strong>Weyraucb</strong></span> <span class='ocrx_word' id='word_1_27' title='bbox 1232 657 1359 736; x_wconf 80' lang='lat' dir='ltr'><strong>(progr.</strong></span> 
     </span>
     <span class='ocr_line' id='line_1_5' title="bbox 191 763 1361 846; baseline -0.008 -15"><span class='ocrx_word' id='word_1_28' title='bbox 191 768 326 832; x_wconf 89' lang='lat' dir='ltr'><strong>Vratisl.</strong></span> <span class='ocrx_word' id='word_1_29' title='bbox 348 768 442 846; x_wconf 84' lang='lat'>1878,</span> <span class='ocrx_word' id='word_1_30' title='bbox 467 766 669 831; x_wconf 86' lang='lat' dir='ltr'><strong>Realscbule</strong></span> <span class='ocrx_word' id='word_1_31' title='bbox 695 785 767 830; x_wconf 85' lang='lat' dir='ltr'><strong>num</strong></span> <span class='ocrx_word' id='word_1_32' title='bbox 794 765 941 844; x_wconf 85' lang='lat' dir='ltr'><strong>heiligen</strong></span> <span class='ocrx_word' id='word_1_33' title='bbox 966 764 1076 842; x_wconf 81' lang='lat' dir='ltr'><strong>Geist)</strong></span> <span class='ocrx_word' id='word_1_34' title='bbox 1101 763 1250 828; x_wconf 81' lang='lat' dir='ltr'><strong>defendit</strong></span> <span class='ocrx_word' id='word_1_35' title='bbox 1273 766 1361 840; x_wconf 80' lang='grc' dir='ltr'><strong><em>(νέον</em></strong></span> 
     </span>
     <span class='ocr_line' id='line_1_6' title="bbox 189 861 1360 953; baseline -0.001 -18"><span class='ocrx_word' id='word_1_36' title='bbox 189 861 379 953; x_wconf 70' lang='lat' dir='ltr'><strong>elocasse,</strong></span> <span class='ocrx_word' id='word_1_37' title='bbox 417 880 454 937; x_wconf 92' lang='lat' dir='ltr'><strong>ut</strong></span> <span class='ocrx_word' id='word_1_38' title='bbox 488 867 651 953; x_wconf 74' lang='grc' dir='ltr'><em>δύσφορον</em></span> <span class='ocrx_word' id='word_1_39' title='bbox 686 867 771 933; x_wconf 79' lang='grc' dir='ltr'><strong><em>ἄταν</em></strong></span> <span class='ocrx_word' id='word_1_40' title='bbox 795 892 826 938; x_wconf 91' lang='lat' dir='ltr'><strong>v.</strong></span> <span class='ocrx_word' id='word_1_41' title='bbox 853 878 926 951; x_wconf 76' lang='lat'>378,</span> <span class='ocrx_word' id='word_1_42' title='bbox 952 873 1091 935; x_wconf 86' lang='lat' dir='ltr'><strong>liberam</strong></span> <span class='ocrx_word' id='word_1_43' title='bbox 1117 872 1360 949; x_wconf 88' lang='lat' dir='ltr'><strong>appositionem</strong></span> 
     </span>
     <span class='ocr_line' id='line_1_7' title="bbox 189 979 1360 1057; baseline -0.006 -11"><span class='ocrx_word' id='word_1_44' title='bbox 189 982 228 1046; x_wconf 88' lang='lat' dir='ltr'><strong>ad</strong></span> <span class='ocrx_word' id='word_1_45' title='bbox 264 990 369 1046; x_wconf 90' lang='lat' dir='ltr'><strong>totam</strong></span> <span class='ocrx_word' id='word_1_46' title='bbox 407 979 659 1057; x_wconf 81' lang='lat' dir='ltr'><strong>praecedentem</strong></span> <span class='ocrx_word' id='word_1_47' title='bbox 698 980 975 1057; x_wconf 83' lang='lat' dir='ltr'><strong>enuntiationem3</strong></span> <span class='ocrx_word' id='word_1_48' title='bbox 1016 987 1051 1043; x_wconf 90' lang='lat' dir='ltr'><strong>at</strong></span> <span class='ocrx_word' id='word_1_49' title='bbox 1087 981 1150 1044; x_wconf 85' lang='lat' dir='ltr'><strong>etsi</strong></span> <span class='ocrx_word' id='word_1_50' title='bbox 1188 979 1251 1042; x_wconf 91' lang='lat' dir='ltr'><strong>hoc</strong></span> <span class='ocrx_word' id='word_1_51' title='bbox 1286 979 1360 1042; x_wconf 85' lang='lat' dir='ltr'><strong>loco</strong></span> 
     </span>
     <span class='ocr_line' id='line_1_8' title="bbox 190 1080 1360 1169; baseline 0.002 -21"><span class='ocrx_word' id='word_1_52' title='bbox 190 1090 297 1166; x_wconf 84' lang='lat' dir='ltr'><strong>ipsuru</strong></span> <span class='ocrx_word' id='word_1_53' title='bbox 324 1090 524 1166; x_wconf 63' lang='grc' dir='ltr'><strong><em>καταφέρειν</em></strong></span> <span class='ocrx_word' id='word_1_54' title='bbox 547 1081 636 1148; x_wconf 80' lang='grc' dir='ltr'><em>πόδα</em></span> <span class='ocrx_word' id='word_1_55' title='bbox 660 1086 694 1151; x_wconf 90' lang='lat' dir='ltr'><strong>id</strong></span> <span class='ocrx_word' id='word_1_56' title='bbox 719 1095 771 1150; x_wconf 82' lang='lat' dir='ltr'><strong>est</strong></span> <span class='ocrx_word' id='word_1_57' title='bbox 795 1087 880 1165; x_wconf 69' lang='lat' dir='ltr'><strong>(pund</strong></span> <span class='ocrx_word' id='word_1_58' title='bbox 906 1080 1063 1169; x_wconf 79' lang='grc' dir='ltr'><strong><em>δύσφορος</em></strong></span> <span class='ocrx_word' id='word_1_59' title='bbox 1083 1081 1145 1147; x_wconf 80' lang='grc' dir='ltr'><strong><em>ἄνα</em></strong></span> <span class='ocrx_word' id='word_1_60' title='bbox 1162 1088 1360 1165; x_wconf 79' lang='lat' dir='ltr'><strong>nominatur,</strong></span> 
     </span>
     <span class='ocr_line' id='line_1_9' title="bbox 190 1178 1361 1275; baseline -0.003 -16"><span class='ocrx_word' id='word_1_61' title='bbox 190 1203 298 1259; x_wconf 90' lang='lat' dir='ltr'><strong>tamen</strong></span> <span class='ocrx_word' id='word_1_62' title='bbox 322 1194 471 1275; x_wconf 83' lang='grc' dir='ltr'><strong><em>μανροῦν</em></strong></span> <span class='ocrx_word' id='word_1_63' title='bbox 495 1193 636 1258; x_wconf 91' lang='lat' dir='ltr'><strong>noudum</strong></span> <span class='ocrx_word' id='word_1_64' title='bbox 662 1202 714 1258; x_wconf 89' lang='lat' dir='ltr'><strong>est</strong></span> <span class='ocrx_word' id='word_1_65' title='bbox 737 1197 812 1254; x_wconf 75' lang='grc' dir='ltr'><strong><em>νέον</em></strong></span> <span class='ocrx_word' id='word_1_66' title='bbox 838 1178 931 1273; x_wconf 70' lang='grc' dir='ltr'><em>αἷμα,</em></span> <span class='ocrx_word' id='word_1_67' title='bbox 956 1194 1012 1258; x_wconf 88' lang='lat' dir='ltr'><strong>sed</strong></span> <span class='ocrx_word' id='word_1_68' title='bbox 1038 1197 1112 1255; x_wconf 83' lang='grc' dir='ltr'><strong><em>νέον</em></strong></span> <span class='ocrx_word' id='word_1_69' title='bbox 1138 1180 1219 1271; x_wconf 81' lang='grc' dir='ltr'><strong><em>οἶμα</em></strong></span> <span class='ocrx_word' id='word_1_70' title='bbox 1249 1211 1361 1256; x_wconf 88' lang='lat' dir='ltr'><strong>conse·</strong></span> 
     </span>
    </p>
   </div>
   <div class='ocr_carea' id='block_1_3' title="bbox 191 1299 1451 1381">
    <p class='ocr_par' dir='ltr' id='par_1_3' title="bbox 191 1299 1451 1381">
     <span class='ocr_line' id='line_1_10' title="bbox 191 1299 1451 1381; baseline -0.001 -18"><span class='ocrx_word' id='word_1_71' title='bbox 191 1302 303 1381; x_wconf 73' lang='lat' dir='ltr'><strong>uiuitur</strong></span> <span class='ocrx_word' id='word_1_72' title='bbox 327 1301 453 1365; x_wconf 91' lang='lat' dir='ltr'><strong>demum</strong></span> <span class='ocrx_word' id='word_1_73' title='bbox 479 1300 625 1365; x_wconf 90' lang='lat' dir='ltr'><strong>fortasse</strong></span> <span class='ocrx_word' id='word_1_74' title='bbox 650 1319 691 1364; x_wconf 82' lang='lat' dir='ltr'><strong>ex</strong></span> <span class='ocrx_word' id='word_1_75' title='bbox 716 1299 779 1380; x_wconf 80' lang='lat' dir='ltr'><strong>eo).</strong></span> <span class='ocrx_word' id='word_1_76' title='bbox 828 1301 991 1379; x_wconf 81' lang='lat' dir='ltr'><strong>Equidem</strong></span> <span class='ocrx_word' id='word_1_77' title='bbox 1016 1308 1097 1378; x_wconf 91' lang='lat' dir='ltr'><strong>puto</strong></span> <span class='ocrx_word' id='word_1_78' title='bbox 1122 1302 1220 1365; x_wconf 87' lang='lat' dir='ltr'><strong>huius</strong></span> <span class='ocrx_word' id='word_1_79' title='bbox 1244 1319 1361 1366; x_wconf 84' lang='lat' dir='ltr'><strong>versus</strong></span> <span class='ocrx_word' id='word_1_80' title='bbox 1449 1330 1451 1335; x_wconf 94' lang='lat'><em>·</em></span> 
     </span>
    </p>
   </div>
   <div class='ocr_carea' id='block_1_4' title="bbox 190 1408 1364 2454">
    <p class='ocr_par' dir='ltr' id='par_1_4' title="bbox 190 1408 1364 2454">
     <span class='ocr_line' id='line_1_11' title="bbox 190 1408 1361 1473; baseline -0.001 -1"><span class='ocrx_word' id='word_1_81' title='bbox 190 1410 286 1473; x_wconf 88' lang='lat' dir='ltr'><strong>aliam</strong></span> <span class='ocrx_word' id='word_1_82' title='bbox 325 1410 496 1472; x_wconf 85' lang='lat' dir='ltr'><strong>metricam</strong></span> <span class='ocrx_word' id='word_1_83' title='bbox 532 1425 684 1471; x_wconf 92' lang='lat' dir='ltr'><strong>normam</strong></span> <span class='ocrx_word' id='word_1_84' title='bbox 718 1426 791 1471; x_wconf 89' lang='lat' dir='ltr'><strong>esse</strong></span> <span class='ocrx_word' id='word_1_85' title='bbox 832 1409 1051 1473; x_wconf 83' lang='lat' dir='ltr'><strong>statuendam.</strong></span> <span class='ocrx_word' id='word_1_86' title='bbox 1109 1408 1189 1472; x_wconf 90' lang='lat' dir='ltr'><strong>Nam</strong></span> <span class='ocrx_word' id='word_1_87' title='bbox 1229 1417 1361 1473; x_wconf 89' lang='lat' dir='ltr'><strong>ceterae</strong></span> 
     </span>
     <span class='ocr_line' id='line_1_12' title="bbox 190 1515 1363 1593; baseline -0.002 -12"><span class='ocrx_word' id='word_1_88' title='bbox 190 1518 296 1581; x_wconf 89' lang='lat' dir='ltr'><strong>totius</strong></span> <span class='ocrx_word' id='word_1_89' title='bbox 321 1516 479 1578; x_wconf 85' lang='lat' dir='ltr'><strong>carminis</strong></span> <span class='ocrx_word' id='word_1_90' title='bbox 505 1522 618 1593; x_wconf 88' lang='lat' dir='ltr'><strong>partes</strong></span> <span class='ocrx_word' id='word_1_91' title='bbox 644 1533 755 1579; x_wconf 89' lang='lat' dir='ltr'><strong>omnes</strong></span> <span class='ocrx_word' id='word_1_92' title='bbox 785 1515 900 1579; x_wconf 89' lang='lat' dir='ltr'><strong>eadem</strong></span> <span class='ocrx_word' id='word_1_93' title='bbox 932 1534 1048 1581; x_wconf 90' lang='lat' dir='ltr'><strong>versus</strong></span> <span class='ocrx_word' id='word_1_94' title='bbox 1073 1516 1179 1581; x_wconf 89' lang='lat' dir='ltr'><strong>forma</strong></span> <span class='ocrx_word' id='word_1_95' title='bbox 1203 1516 1363 1580; x_wconf 89' lang='lat' dir='ltr'><strong>finiuntur</strong></span> 
     </span>
     <span class='ocr_line' id='line_1_13' title="bbox 192 1624 1362 1704; baseline -0.001 -17"><span class='ocrx_word' id='word_1_96' title='bbox 192 1624 253 1687; x_wconf 89' lang='lat' dir='ltr'><strong>bac</strong></span> <span class='ocrx_word' id='word_1_97' title='bbox 280 1659 318 1666; x_wconf 92' lang='lat'>-</span> <span class='ocrx_word' id='word_1_98' title='bbox 332 1662 376 1687; x_wconf 56' lang='grc' dir='ltr'>ψ</span> <span class='ocrx_word' id='word_1_99' title='bbox 390 1658 430 1666; x_wconf 96' lang='grc'>-</span> <span class='ocrx_word' id='word_1_100' title='bbox 448 1668 482 1687; x_wconf 44' lang='grc' dir='ltr'>ψ</span> <span class='ocrx_word' id='word_1_101' title='bbox 501 1659 542 1667; x_wconf 84' lang='grc'>-</span> <span class='ocrx_word' id='word_1_102' title='bbox 561 1661 600 1687; x_wconf 51' lang='grc' dir='ltr'>ψ</span> <span class='ocrx_word' id='word_1_103' title='bbox 616 1659 668 1702; x_wconf 77' lang='grc'><strong>-,</strong></span> <span class='ocrx_word' id='word_1_104' title='bbox 694 1624 832 1700; x_wconf 88' lang='lat' dir='ltr'><strong>stropha</strong></span> <span class='ocrx_word' id='word_1_105' title='bbox 862 1642 892 1703; x_wconf 78' lang='grc' dir='ltr'><strong>α,</strong></span> <span class='ocrx_word' id='word_1_106' title='bbox 922 1624 1135 1701; x_wconf 86' lang='lat' dir='ltr'><strong>antistropha</strong></span> <span class='ocrx_word' id='word_1_107' title='bbox 1164 1644 1199 1696; x_wconf 90' lang='grc' dir='ltr'><strong>α,</strong></span> <span class='ocrx_word' id='word_1_108' title='bbox 1228 1624 1362 1704; x_wconf 82' lang='lat' dir='ltr'><strong>epbym·</strong></span> 
     </span>
     <span class='ocr_line' id='line_1_14' title="bbox 191 1730 1361 1813; baseline -0.002 -20"><span class='ocrx_word' id='word_1_109' title='bbox 191 1731 291 1810; x_wconf 70' lang='lat' dir='ltr'><strong>nium,</strong></span> <span class='ocrx_word' id='word_1_110' title='bbox 328 1731 466 1808; x_wconf 87' lang='lat' dir='ltr'><strong>stropha</strong></span> <span class='ocrx_word' id='word_1_111' title='bbox 490 1732 519 1810; x_wconf 81' lang='grc' dir='ltr'><strong>β,</strong></span> <span class='ocrx_word' id='word_1_112' title='bbox 561 1732 772 1808; x_wconf 90' lang='lat' dir='ltr'><strong>antistropha</strong></span> <span class='ocrx_word' id='word_1_113' title='bbox 795 1731 824 1809; x_wconf 82' lang='grc' dir='ltr'><strong>β,</strong></span> <span class='ocrx_word' id='word_1_114' title='bbox 866 1730 1057 1811; x_wconf 69' lang='lat' dir='ltr'><strong>strophae,</strong></span> <span class='ocrx_word' id='word_1_115' title='bbox 1099 1732 1311 1808; x_wconf 85' lang='lat' dir='ltr'><strong>antistropha</strong></span> <span class='ocrx_word' id='word_1_116' title='bbox 1334 1730 1361 1813; x_wconf 79' lang='lat' dir='ltr'><strong>d,</strong></span> 
     </span>
     <span class='ocr_line' id='line_1_15' title="bbox 192 1837 1363 1916; baseline 0.003 -19"><span class='ocrx_word' id='word_1_117' title='bbox 192 1838 329 1915; x_wconf 83' lang='lat' dir='ltr'><strong>stropha</strong></span> <span class='ocrx_word' id='word_1_118' title='bbox 354 1837 381 1916; x_wconf 81' lang='grc' dir='ltr'><strong>ζ,</strong></span> <span class='ocrx_word' id='word_1_119' title='bbox 416 1838 628 1916; x_wconf 88' lang='lat' dir='ltr'><strong>antistropha</strong></span> <span class='ocrx_word' id='word_1_120' title='bbox 653 1838 669 1911; x_wconf 86' lang='grc' dir='ltr'>ζ</span> <span class='ocrx_word' id='word_1_121' title='bbox 678 1861 684 1913; x_wconf 93' lang='grc'>;</span> <span class='ocrx_word' id='word_1_122' title='bbox 721 1837 806 1915; x_wconf 91' lang='lat' dir='ltr'><strong>quod</strong></span> <span class='ocrx_word' id='word_1_123' title='bbox 842 1855 907 1901; x_wconf 89' lang='lat' dir='ltr'><strong>non</strong></span> <span class='ocrx_word' id='word_1_124' title='bbox 943 1837 1085 1902; x_wconf 86' lang='lat' dir='ltr'><strong>fortuito</strong></span> <span class='ocrx_word' id='word_1_125' title='bbox 1126 1837 1249 1902; x_wconf 88' lang='lat' dir='ltr'><strong>factum</strong></span> <span class='ocrx_word' id='word_1_126' title='bbox 1290 1856 1363 1901; x_wconf 85' lang='lat' dir='ltr'><strong>esse</strong></span> 
     </span>
     <span class='ocr_line' id='line_1_16' title="bbox 190 1943 1364 2024; baseline -0.001 -16"><span class='ocrx_word' id='word_1_127' title='bbox 190 1943 324 2008; x_wconf 89' lang='lat' dir='ltr'><strong>videtur</strong></span> <span class='ocrx_word' id='word_1_128' title='bbox 348 1962 510 2022; x_wconf 89' lang='lat' dir='ltr'><strong>apparere</strong></span> <span class='ocrx_word' id='word_1_129' title='bbox 535 1963 576 2008; x_wconf 85' lang='lat' dir='ltr'><strong>ex</strong></span> <span class='ocrx_word' id='word_1_130' title='bbox 600 1962 649 2024; x_wconf 72' lang='lat' dir='ltr'><strong>eo,</strong></span> <span class='ocrx_word' id='word_1_131' title='bbox 676 1943 761 2022; x_wconf 74' lang='lat' dir='ltr'><strong>‹puod</strong></span> <span class='ocrx_word' id='word_1_132' title='bbox 786 1944 844 2008; x_wconf 92' lang='lat' dir='ltr'><strong>ille</strong></span> <span class='ocrx_word' id='word_1_133' title='bbox 861 1963 979 2009; x_wconf 89' lang='lat' dir='ltr'><strong>versus</strong></span> <span class='ocrx_word' id='word_1_134' title='bbox 997 1945 1088 2009; x_wconf 88' lang='lat' dir='ltr'><strong>solus</strong></span> <span class='ocrx_word' id='word_1_135' title='bbox 1105 1953 1157 2009; x_wconf 90' lang='lat' dir='ltr'><strong>est</strong></span> <span class='ocrx_word' id='word_1_136' title='bbox 1173 1945 1364 2009; x_wconf 85' lang='lat' dir='ltr'><strong>trochaicus</strong></span> 
     </span>
     <span class='ocr_line' id='line_1_17' title="bbox 190 2050 1362 2133; baseline 0.004 -21"><span class='ocrx_word' id='word_1_137' title='bbox 190 2050 404 2131; x_wconf 87' lang='lat' dir='ltr'><strong>insecundo,</strong></span> <span class='ocrx_word' id='word_1_138' title='bbox 433 2053 547 2122; x_wconf 86' lang='lat' dir='ltr'><strong>tertio,</strong></span> <span class='ocrx_word' id='word_1_139' title='bbox 581 2058 698 2130; x_wconf 90' lang='lat' dir='ltr'><strong>quarto</strong></span> <span class='ocrx_word' id='word_1_140' title='bbox 728 2053 938 2129; x_wconf 75' lang='lat' dir='ltr'><strong>stropharum</strong></span> <span class='ocrx_word' id='word_1_141' title='bbox 970 2053 1116 2129; x_wconf 75' lang='lat' dir='ltr'><strong>paribus.</strong></span> <span class='ocrx_word' id='word_1_142' title='bbox 1165 2050 1362 2133; x_wconf 74' lang='lat' dir='ltr'><strong>Quamnam</strong></span> 
     </span>
     <span class='ocr_line' id='line_1_18' title="bbox 192 2156 1363 2242; baseline 0.002 -22"><span class='ocrx_word' id='word_1_143' title='bbox 192 2157 256 2220; x_wconf 91' lang='lat' dir='ltr'><strong>iam</strong></span> <span class='ocrx_word' id='word_1_144' title='bbox 282 2158 367 2221; x_wconf 89' lang='lat' dir='ltr'><strong>Weil</strong></span> <span class='ocrx_word' id='word_1_145' title='bbox 393 2156 475 2239; x_wconf 83' lang='lat' dir='ltr'><strong>(ll.)</strong></span> <span class='ocrx_word' id='word_1_146' title='bbox 500 2165 534 2222; x_wconf 89' lang='lat' dir='ltr'><strong>et</strong></span> <span class='ocrx_word' id='word_1_147' title='bbox 563 2158 649 2222; x_wconf 61' lang='lat' dir='ltr'><strong>&#39;llodt</strong></span> <span class='ocrx_word' id='word_1_148' title='bbox 678 2158 813 2234; x_wconf 84' lang='lat' dir='ltr'><strong>(Philol.</strong></span> <span class='ocrx_word' id='word_1_149' title='bbox 837 2156 951 2242; x_wconf 54' lang='lat'><strong>4435)</strong></span> <span class='ocrx_word' id='word_1_150' title='bbox 986 2161 1260 2225; x_wconf 88' lang='lat' dir='ltr'><strong>observaverunt.</strong></span> <span class='ocrx_word' id='word_1_151' title='bbox 1313 2161 1363 2224; x_wconf 79' lang='lat' dir='ltr'><strong>Ab</strong></span> 
     </span>
     <span class='ocr_line' id='line_1_19' title="bbox 193 2264 1364 2343; baseline 0.004 -16"><span class='ocrx_word' id='word_1_152' title='bbox 193 2281 231 2327; x_wconf 85' lang='lat' dir='ltr'><strong>ea</strong></span> <span class='ocrx_word' id='word_1_153' title='bbox 255 2264 362 2328; x_wconf 89' lang='lat' dir='ltr'><strong>forma</strong></span> <span class='ocrx_word' id='word_1_154' title='bbox 387 2266 503 2329; x_wconf 94' lang='lat' dir='ltr'><strong>mirum</strong></span> <span class='ocrx_word' id='word_1_155' title='bbox 529 2273 620 2329; x_wconf 88' lang='lat' dir='ltr'><strong>esset</strong></span> <span class='ocrx_word' id='word_1_156' title='bbox 644 2266 671 2328; x_wconf 87' lang='lat' dir='ltr'><strong>si</strong></span> <span class='ocrx_word' id='word_1_157' title='bbox 698 2266 812 2329; x_wconf 89' lang='lat' dir='ltr'><strong>barum</strong></span> <span class='ocrx_word' id='word_1_158' title='bbox 838 2267 981 2343; x_wconf 90' lang='lat' dir='ltr'><strong>partium</strong></span> <span class='ocrx_word' id='word_1_159' title='bbox 1007 2267 1082 2331; x_wconf 91' lang='lat' dir='ltr'><strong>finis</strong></span> <span class='ocrx_word' id='word_1_160' title='bbox 1107 2267 1267 2332; x_wconf 89' lang='lat' dir='ltr'><strong>differret.</strong></span> <span class='ocrx_word' id='word_1_161' title='bbox 1321 2268 1364 2332; x_wconf 76' lang='lat' dir='ltr'><strong>bt</strong></span> 
     </span>
     <span class='ocr_line' id='line_1_20' title="bbox 192 2370 1364 2454; baseline 0.005 -22"><span class='ocrx_word' id='word_1_162' title='bbox 192 2370 345 2448; x_wconf 88' lang='lat' dir='ltr'><strong>profecto</strong></span> <span class='ocrx_word' id='word_1_163' title='bbox 372 2374 575 2436; x_wconf 89' lang='lat' dir='ltr'><strong>conveniunt</strong></span> <span class='ocrx_word' id='word_1_164' title='bbox 599 2391 671 2435; x_wconf 89' lang='lat' dir='ltr'><strong>curn</strong></span> <span class='ocrx_word' id='word_1_165' title='bbox 697 2390 735 2435; x_wconf 89' lang='lat' dir='ltr'><strong>ea</strong></span> <span class='ocrx_word' id='word_1_166' title='bbox 760 2373 793 2435; x_wconf 94' lang='lat' dir='ltr'><strong>iu</strong></span> <span class='ocrx_word' id='word_1_167' title='bbox 819 2372 952 2437; x_wconf 86' lang='lat' dir='ltr'><strong>mesodo</strong></span> <span class='ocrx_word' id='word_1_168' title='bbox 977 2392 1035 2437; x_wconf 87' lang='lat' dir='ltr'><strong>sex</strong></span> <span class='ocrx_word' id='word_1_169' title='bbox 1060 2374 1197 2439; x_wconf 91' lang='lat' dir='ltr'><strong>ultimae</strong></span> <span class='ocrx_word' id='word_1_170' title='bbox 1215 2375 1364 2454; x_wconf 85' lang='lat' dir='ltr'><strong>syllabae</strong></span> 
     </span>
    </p>
   </div>
   <div class='ocr_carea' id='block_1_5' title="bbox 192 2467 1364 2990">
    <p class='ocr_par' dir='ltr' id='par_1_5' title="bbox 192 2467 1364 2990">
     <span class='ocr_line' id='line_1_21' title="bbox 192 2467 1364 2559; baseline 0.005 -24"><span class='ocrx_word' id='word_1_171' title='bbox 192 2467 249 2554; x_wconf 72' lang='grc' dir='ltr'><strong>ὕφ’</strong></span> <span class='ocrx_word' id='word_1_172' title='bbox 273 2474 412 2554; x_wconf 76' lang='grc' dir='ltr'><strong><em>αἵματος</em></strong></span> <span class='ocrx_word' id='word_1_173' title='bbox 435 2481 522 2559; x_wconf 75' lang='grc' dir='ltr'><strong><em>νέον,</em></strong></span> <span class='ocrx_word' id='word_1_174' title='bbox 548 2479 581 2542; x_wconf 92' lang='lat' dir='ltr'><strong>in</strong></span> <span class='ocrx_word' id='word_1_175' title='bbox 606 2479 811 2543; x_wconf 82' lang='lat' dir='ltr'><strong>autimesodo</strong></span> <span class='ocrx_word' id='word_1_176' title='bbox 837 2480 970 2543; x_wconf 91' lang='lat' dir='ltr'><strong>initium</strong></span> <span class='ocrx_word' id='word_1_177' title='bbox 996 2481 1104 2546; x_wconf 90' lang='lat' dir='ltr'><strong>ultimi</strong></span> <span class='ocrx_word' id='word_1_178' title='bbox 1131 2499 1249 2546; x_wconf 88' lang='lat' dir='ltr'><strong>versus</strong></span> <span class='ocrx_word' id='word_1_179' title='bbox 1279 2481 1364 2542; x_wconf 77' lang='grc' dir='ltr'><strong><em>κοῖλα</em></strong></span> 
     </span>
     <span class='ocr_line' id='line_1_22' title="bbox 192 2577 1363 2667; baseline 0.009 -25"><span class='ocrx_word' id='word_1_180' title='bbox 192 2577 395 2667; x_wconf 61' lang='lat' dir='ltr'><strong>ridendam}</strong></span> <span class='ocrx_word' id='word_1_181' title='bbox 446 2585 613 2649; x_wconf 88' lang='lat' dir='ltr'><strong>Incertum</strong></span> <span class='ocrx_word' id='word_1_182' title='bbox 655 2595 716 2664; x_wconf 76' lang='lat' dir='ltr'><strong>est,</strong></span> <span class='ocrx_word' id='word_1_183' title='bbox 757 2586 918 2664; x_wconf 91' lang='lat' dir='ltr'><strong>quomodo</strong></span> <span class='ocrx_word' id='word_1_184' title='bbox 957 2587 1003 2651; x_wconf 89' lang='lat' dir='ltr'><strong>sit</strong></span> <span class='ocrx_word' id='word_1_185' title='bbox 1040 2589 1266 2667; x_wconf 81' lang='lat' dir='ltr'><strong>scribendum3</strong></span> <span class='ocrx_word' id='word_1_186' title='bbox 1307 2589 1363 2652; x_wconf 86' lang='lat' dir='ltr'><strong>sed</strong></span> 
     </span>
     <span class='ocr_line' id='line_1_23' title="bbox 192 2691 1193 2769; baseline 0.007 -16"><span class='ocrx_word' id='word_1_187' title='bbox 192 2692 333 2769; x_wconf 83' lang='lat' dir='ltr'><strong>exempli</strong></span> <span class='ocrx_word' id='word_1_188' title='bbox 359 2710 460 2756; x_wconf 89' lang='lat' dir='ltr'><strong>causa</strong></span> <span class='ocrx_word' id='word_1_189' title='bbox 484 2691 585 2756; x_wconf 84' lang='lat' dir='ltr'><strong>allero</strong></span> <span class='ocrx_word' id='word_1_190' title='bbox 611 2692 722 2756; x_wconf 81' lang='lat' dir='ltr'><strong>Todtii</strong></span> <span class='ocrx_word' id='word_1_191' title='bbox 748 2693 995 2759; x_wconf 83' lang='lat' dir='ltr'><strong>emendationes</strong></span> <span class='ocrx_word' id='word_1_192' title='bbox 1021 2700 1193 2760; x_wconf 77' lang='lat'>359--602</span> 
     </span>
     <span class='ocr_line' id='line_1_24' title="bbox 566 2791 1026 2881; baseline -0.002 -23"><span class='ocrx_word' id='word_1_193' title='bbox 566 2794 726 2881; x_wconf 74' lang='grc' dir='ltr'><strong><em>κρατερὰν</em></strong></span> <span class='ocrx_word' id='word_1_194' title='bbox 751 2793 827 2861; x_wconf 72' lang='lat' dir='ltr'><strong>dvt&#39;</strong></span> <span class='ocrx_word' id='word_1_195' title='bbox 850 2791 934 2880; x_wconf 76' lang='grc' dir='ltr'>ὅμως</span> <span class='ocrx_word' id='word_1_196' title='bbox 957 2822 1026 2879; x_wconf 86' lang='grc' dir='ltr'><strong>μαυ</strong></span> 
     </span>
     <span class='ocr_line' id='line_1_25' title="bbox 566 2897 1035 2990; baseline 0.009 -25"><span class='ocrx_word' id='word_1_197' title='bbox 566 2906 648 2985; x_wconf 77' lang='grc' dir='ltr'><strong><em>(νοῦν</em></strong></span> <span class='ocrx_word' id='word_1_198' title='bbox 671 2897 728 2986; x_wconf 75' lang='grc' dir='ltr'><strong>ὑφ’</strong></span> <span class='ocrx_word' id='word_1_199' title='bbox 753 2904 890 2986; x_wconf 79' lang='grc' dir='ltr'><strong><em>αἵματος</em></strong></span> <span class='ocrx_word' id='word_1_200' title='bbox 913 2907 1035 2990; x_wconf 65' lang='lat' dir='ltr'><strong>recall),</strong></span> 
     </span>
    </p>
   </div>
   <div class='ocr_carea' id='block_1_6' title="bbox 194 3025 1032 3328">
    <p class='ocr_par' dir='ltr' id='par_1_6' title="bbox 194 3025 1032 3328">
     <span class='ocr_line' id='line_1_26' title="bbox 194 3025 390 3108; baseline 0.026 -18"><span class='ocrx_word' id='word_1_201' title='bbox 194 3034 228 3090; x_wconf 92' lang='lat' dir='ltr'><strong>et</strong></span> <span class='ocrx_word' id='word_1_202' title='bbox 253 3025 390 3108; x_wconf 78' lang='lat' dir='ltr'><strong>377l78:</strong></span> 
     </span>
     <span class='ocr_line' id='line_1_27' title="bbox 568 3133 994 3223; baseline 0.007 -25"><span class='ocrx_word' id='word_1_203' title='bbox 568 3133 713 3220; x_wconf 70' lang='grc' dir='ltr'><em>σφαλερὰ</em></span> <span class='ocrx_word' id='word_1_204' title='bbox 738 3135 994 3223; x_wconf 81' lang='grc' dir='ltr'><strong><em>ναννδρόμοισιν</em></strong></span> 
     </span>
     <span class='ocr_line' id='line_1_28' title="bbox 566 3241 1032 3328; baseline 0.013 -25"><span class='ocrx_word' id='word_1_205' title='bbox 566 3243 661 3315; x_wconf 73' lang='grc' dir='ltr'><strong><em>κοῖλα,</em></strong></span> <span class='ocrx_word' id='word_1_206' title='bbox 688 3241 853 3328; x_wconf 75' lang='grc' dir='ltr'><em>δυσφόρως</em></span> <span class='ocrx_word' id='word_1_207' title='bbox 876 3242 969 3324; x_wconf 78' lang='grc' dir='ltr'><strong><em>ἄγαν.</em></strong></span> <span class='ocrx_word' id='word_1_208' title='bbox 1030 3247 1032 3251; x_wconf 74' lang='grc'><strong>’</strong></span> 
     </span>
    </p>
   </div>
   <div class='ocr_carea' id='block_1_7' title="bbox 192 3363 1367 3988">
    <p class='ocr_par' dir='ltr' id='par_1_7' title="bbox 192 3363 1367 3988">
     <span class='ocr_line' id='line_1_29' title="bbox 193 3363 1366 3456; baseline 0.011 -29"><span class='ocrx_word' id='word_1_209' title='bbox 193 3363 255 3427; x_wconf 78' lang='lat' dir='ltr'><strong>Sed</strong></span> <span class='ocrx_word' id='word_1_210' title='bbox 281 3383 352 3427; x_wconf 73' lang='lat' dir='ltr'><strong>veum</strong></span> <span class='ocrx_word' id='word_1_211' title='bbox 389 3364 440 3428; x_wconf 92' lang='lat' dir='ltr'><strong>hic</strong></span> <span class='ocrx_word' id='word_1_212' title='bbox 468 3386 533 3430; x_wconf 91' lang='lat' dir='ltr'><strong>uon</strong></span> <span class='ocrx_word' id='word_1_213' title='bbox 563 3371 694 3445; x_wconf 87' lang='lat' dir='ltr'><strong>placeat</strong></span> <span class='ocrx_word' id='word_1_214' title='bbox 723 3373 892 3448; x_wconf 87' lang='lat' dir='ltr'><strong>postulata</strong></span> <span class='ocrx_word' id='word_1_215' title='bbox 922 3374 1059 3437; x_wconf 88' lang='lat' dir='ltr'><strong>duarum</strong></span> <span class='ocrx_word' id='word_1_216' title='bbox 1090 3375 1239 3440; x_wconf 88' lang='lat' dir='ltr'><strong>brevium</strong></span> <span class='ocrx_word' id='word_1_217' title='bbox 1264 3377 1366 3456; x_wconf 77' lang='lat' dir='ltr'><strong>sylla-</strong></span> 
     </span>
     <span class='ocr_line' id='line_1_30' title="bbox 192 3472 1367 3562; baseline 0.013 -30"><span class='ocrx_word' id='word_1_218' title='bbox 192 3472 308 3534; x_wconf 88' lang='lat' dir='ltr'><strong>barum</strong></span> <span class='ocrx_word' id='word_1_219' title='bbox 336 3491 435 3533; x_wconf 80' lang='grc' dir='ltr'><strong><em>οανν-</em></strong></span> <span class='ocrx_word' id='word_1_220' title='bbox 460 3481 494 3537; x_wconf 89' lang='lat' dir='ltr'><strong>et</strong></span> <span class='ocrx_word' id='word_1_221' title='bbox 530 3477 627 3539; x_wconf 87' lang='lat' dir='ltr'><strong>unius</strong></span> <span class='ocrx_word' id='word_1_222' title='bbox 663 3477 783 3556; x_wconf 88' lang='lat' dir='ltr'><strong>longae</strong></span> <span class='ocrx_word' id='word_1_223' title='bbox 819 3473 896 3540; x_wconf 67' lang='grc' dir='ltr'><strong><em>ὄνθ’</em></strong></span> <span class='ocrx_word' id='word_1_224' title='bbox 930 3482 1114 3562; x_wconf 81' lang='lat' dir='ltr'><strong>responsio,</strong></span> <span class='ocrx_word' id='word_1_225' title='bbox 1150 3501 1245 3560; x_wconf 89' lang='lat' dir='ltr'><strong>quam</strong></span> <span class='ocrx_word' id='word_1_226' title='bbox 1280 3484 1367 3548; x_wconf 62' lang='lat' dir='ltr'><strong>&#39;llodt</strong></span> 
     </span>
     <span class='ocr_line' id='line_1_31' title="bbox 193 3576 1366 3668; baseline 0.013 -29"><span class='ocrx_word' id='word_1_227' title='bbox 193 3576 349 3658; x_wconf 79' lang='lat' dir='ltr'><strong>defendit,</strong></span> <span class='ocrx_word' id='word_1_228' title='bbox 396 3581 603 3659; x_wconf 84' lang='lat' dir='ltr'><strong>aliquantum</strong></span> <span class='ocrx_word' id='word_1_229' title='bbox 650 3603 670 3647; x_wconf 90' lang='lat' dir='ltr'><strong>a</strong></span> <span class='ocrx_word' id='word_1_230' title='bbox 716 3587 772 3649; x_wconf 90' lang='lat' dir='ltr'><strong>via</strong></span> <span class='ocrx_word' id='word_1_231' title='bbox 830 3605 925 3664; x_wconf 70' lang='lat' dir='ltr'><strong>cluam</strong></span> <span class='ocrx_word' id='word_1_232' title='bbox 976 3589 1034 3652; x_wconf 89' lang='lat' dir='ltr'><strong>ille</strong></span> <span class='ocrx_word' id='word_1_233' title='bbox 1086 3598 1138 3652; x_wconf 90' lang='lat' dir='ltr'><strong>est</strong></span> <span class='ocrx_word' id='word_1_234' title='bbox 1192 3591 1366 3668; x_wconf 78' lang='lat' dir='ltr'><strong>ingressus</strong></span> 
     </span>
     <span class='ocr_line' id='line_1_32' title="bbox 194 3682 1365 3776; baseline 0.013 -31"><span class='ocrx_word' id='word_1_235' title='bbox 194 3682 405 3753; x_wconf 86' lang='lat' dir='ltr'><strong>declinemus.</strong></span> <span class='ocrx_word' id='word_1_236' title='bbox 478 3691 586 3766; x_wconf 77' lang='lat' dir='ltr'><strong>Atque</strong></span> <span class='ocrx_word' id='word_1_237' title='bbox 644 3709 761 3756; x_wconf 88' lang='lat' dir='ltr'><strong>nomen</strong></span> <span class='ocrx_word' id='word_1_238' title='bbox 818 3688 1034 3775; x_wconf 81' lang='grc' dir='ltr'><strong><em>ναννδρόμοις</em></strong></span> <span class='ocrx_word' id='word_1_239' title='bbox 1081 3694 1227 3776; x_wconf 81' lang='lat' dir='ltr'><strong>quidem,</strong></span> <span class='ocrx_word' id='word_1_240' title='bbox 1279 3698 1365 3775; x_wconf 73' lang='lat' dir='ltr'><strong>‹puod</strong></span> 
     </span>
     <span class='ocr_line' id='line_1_33' title="bbox 192 3790 1364 3880; baseline 0.012 -28"><span class='ocrx_word' id='word_1_241' title='bbox 192 3790 373 3855; x_wconf 85' lang='lat' dir='ltr'><strong>benacum</strong></span> <span class='ocrx_word' id='word_1_242' title='bbox 402 3793 548 3858; x_wconf 86' lang='lat' dir='ltr'><strong>dictione</strong></span> <span class='ocrx_word' id='word_1_243' title='bbox 579 3796 767 3877; x_wconf 74' lang='lat' dir='ltr'><strong>Aesclrplea</strong></span> <span class='ocrx_word' id='word_1_244' title='bbox 797 3801 969 3880; x_wconf 87' lang='lat' dir='ltr'><strong>convenit,</strong></span> <span class='ocrx_word' id='word_1_245' title='bbox 1000 3802 1115 3880; x_wconf 85' lang='lat' dir='ltr'><strong>utique</strong></span> <span class='ocrx_word' id='word_1_246' title='bbox 1155 3803 1364 3866; x_wconf 87' lang='lat' dir='ltr'><strong>retinendum</strong></span> 
     </span>
     <span class='ocr_line' id='line_1_34' title="bbox 192 3898 1366 3988; baseline 0.013 -29"><span class='ocrx_word' id='word_1_247' title='bbox 192 3905 258 3974; x_wconf 89' lang='lat' dir='ltr'><strong>est;</strong></span> <span class='ocrx_word' id='word_1_248' title='bbox 293 3898 351 3962; x_wconf 89' lang='lat' dir='ltr'><strong>sed</strong></span> <span class='ocrx_word' id='word_1_249' title='bbox 388 3907 424 3963; x_wconf 89' lang='lat' dir='ltr'><strong>ut</strong></span> <span class='ocrx_word' id='word_1_250' title='bbox 459 3910 638 3966; x_wconf 87' lang='lat' dir='ltr'><strong>evanescat</strong></span> <span class='ocrx_word' id='word_1_251' title='bbox 673 3903 708 3966; x_wconf 92' lang='lat' dir='ltr'><strong>in</strong></span> <span class='ocrx_word' id='word_1_252' title='bbox 743 3923 782 3967; x_wconf 92' lang='lat' dir='ltr'><strong>eo</strong></span> <span class='ocrx_word' id='word_1_253' title='bbox 812 3904 949 3970; x_wconf 89' lang='lat' dir='ltr'><strong>duarum</strong></span> <span class='ocrx_word' id='word_1_254' title='bbox 981 3908 1131 3972; x_wconf 87' lang='lat' dir='ltr'><strong>brevium</strong></span> <span class='ocrx_word' id='word_1_255' title='bbox 1161 3909 1366 3988; x_wconf 86' lang='lat' dir='ltr'><strong>syllabarum</strong></span> 
     </span>
    </p>
   </div>
   <div class='ocr_carea' id='block_1_8' title="bbox 191 4106 1367 4371">
    <p class='ocr_par' dir='ltr' id='par_1_8' title="bbox 191 4106 1367 4371">
     <span class='ocr_line' id='line_1_35' title="bbox 298 4106 1367 4192; baseline 0.012 -32"><span class='ocrx_word' id='word_1_256' title='bbox 298 4106 326 4175; x_wconf 88' lang='lat'><strong>1)</strong></span> <span class='ocrx_word' id='word_1_257' title='bbox 346 4109 524 4166; x_wconf 82' lang='lat' dir='ltr'><strong>Infinitivuvu</strong></span> <span class='ocrx_word' id='word_1_258' title='bbox 543 4111 668 4185; x_wconf 78' lang='grc' dir='ltr'><strong><em>μαυροῦν</em></strong></span> <span class='ocrx_word' id='word_1_259' title='bbox 697 4116 738 4168; x_wconf 86' lang='lat' dir='ltr'><strong>ita</strong></span> <span class='ocrx_word' id='word_1_260' title='bbox 766 4116 893 4185; x_wconf 85' lang='lat' dir='ltr'><strong>pendere</strong></span> <span class='ocrx_word' id='word_1_261' title='bbox 912 4133 929 4169; x_wconf 81' lang='lat' dir='ltr'><strong>a</strong></span> <span class='ocrx_word' id='word_1_262' title='bbox 947 4117 1036 4173; x_wconf 85' lang='lat' dir='ltr'><strong>verbo</strong></span> <span class='ocrx_word' id='word_1_263' title='bbox 1058 4111 1116 4171; x_wconf 70' lang='lat' dir='ltr'><strong>sibl</strong></span> <span class='ocrx_word' id='word_1_264' title='bbox 1101 4140 1173 4192; x_wconf 81' lang='grc' dir='ltr'><strong><em>ομον</em></strong></span> <span class='ocrx_word' id='word_1_265' title='bbox 1192 4120 1264 4188; x_wconf 87' lang='lat' dir='ltr'><strong>vult,</strong></span> <span class='ocrx_word' id='word_1_266' title='bbox 1284 4127 1315 4174; x_wconf 87' lang='lat' dir='ltr'><strong>ut</strong></span> <span class='ocrx_word' id='word_1_267' title='bbox 1328 4124 1367 4175; x_wconf 83' lang='lat' dir='ltr'><strong>sut</strong></span> 
     </span>
     <span class='ocr_line' id='line_1_36' title="bbox 191 4189 1367 4296; baseline 0.015 -51"><span class='ocrx_word' id='word_1_268' title='bbox 191 4193 310 4248; x_wconf 84' lang='lat' dir='ltr'><strong>liberior</strong></span> <span class='ocrx_word' id='word_1_269' title='bbox 322 4200 467 4266; x_wconf 79' lang='lat' dir='ltr'><strong>appositio</strong></span> <span class='ocrx_word' id='word_1_270' title='bbox 482 4201 518 4254; x_wconf 87' lang='lat' dir='ltr'><strong>ad</strong></span> <span class='ocrx_word' id='word_1_271' title='bbox 531 4219 631 4256; x_wconf 80' lang='lat' dir='ltr'><strong>vocem</strong></span> <span class='ocrx_word' id='word_1_272' title='bbox 647 4189 806 4296; x_wconf 59' lang='lat' dir='ltr'><strong>nnctrpomdc</strong></span> <span class='ocrx_word' id='word_1_273' title='bbox 820 4197 968 4277; x_wconf 71' lang='grc' dir='ltr'><strong><em>διομοῖτωςν</em></strong></span> <span class='ocrx_word' id='word_1_274' title='bbox 987 4225 1054 4261; x_wconf 82' lang='lat' dir='ltr'><strong>nam</strong></span> <span class='ocrx_word' id='word_1_275' title='bbox 1068 4227 1220 4280; x_wconf 77' lang='grc' dir='ltr'><strong><em>ννατροπαι</em></strong></span> <span class='ocrx_word' id='word_1_276' title='bbox 1215 4204 1367 4283; x_wconf 68' lang='grc' dir='ltr'><strong><em>δωμοὶιων</em></strong></span> 
     </span>
     <span class='ocr_line' id='line_1_37' title="bbox 192 4278 1226 4371; baseline 0.018 -38"><span class='ocrx_word' id='word_1_277' title='bbox 192 4281 238 4335; x_wconf 86' lang='lat' dir='ltr'><strong>bie</strong></span> <span class='ocrx_word' id='word_1_278' title='bbox 259 4282 331 4337; x_wconf 89' lang='lat' dir='ltr'><strong>liunt</strong></span> <span class='ocrx_word' id='word_1_279' title='bbox 350 4302 395 4354; x_wconf 85' lang='lat' dir='ltr'><strong>eo,</strong></span> <span class='ocrx_word' id='word_1_280' title='bbox 414 4290 492 4356; x_wconf 90' lang='lat' dir='ltr'><strong>quod</strong></span> <span class='ocrx_word' id='word_1_281' title='bbox 511 4290 729 4347; x_wconf 88' lang='lat' dir='ltr'><strong>interfectorem</strong></span> <span class='ocrx_word' id='word_1_282' title='bbox 748 4278 840 4346; x_wconf 75' lang='lat' dir='ltr'><strong>surda</strong></span> <span class='ocrx_word' id='word_1_283' title='bbox 831 4313 924 4367; x_wconf 78' lang='grc' dir='ltr'><strong><em>μενοι</em></strong></span> <span class='ocrx_word' id='word_1_284' title='bbox 944 4295 1046 4350; x_wconf 83' lang='lat' dir='ltr'><strong>Furiae</strong></span> <span class='ocrx_word' id='word_1_285' title='bbox 1063 4295 1226 4371; x_wconf 80' lang='grc' dir='ltr'><strong><em>μανροῦσιν.</em></strong></span> 
     </span>
    </p>
   </div>
   <div class='ocr_carea' id='block_1_9' title="bbox 0 0 1567 4890">
    <p class='ocr_par' dir='ltr' id='par_1_9' title="bbox 0 0 1567 4890">
     <span class='ocr_line' id='line_1_38' title="bbox 0 0 1567 4890; baseline 0 0"><span class='ocrx_word' id='word_1_286' title='bbox 0 0 1567 4890; x_wconf 95' lang='lat' dir='ltr'><strong> </strong></span> 
     </span>
    </p>
   </div>
  </div>
 </body>
</html>
