3112 4890
783 247 900 306 ls-

214 458 254 517 „o
279 436 348 501 lili“
374 437 557 517 alloquenti
583 437 769 501 reclamans
794 438 902 514 patris
927 455 1040 503 vocem
1067 445 1223 516 perpetra
1245 439 1389 507 caedem.

214 546 304 625 Quae
340 545 444 608 verba
485 542 760 608 antecedentibus
797 561 858 621 per
889 537 928 603 od
963 542 1001 604 δέ
1031 553 1264 625 annectuntur,
1312 547 1391 624 quia

214 656 352 715 Orestes
388 652 569 729 opponitur
605 651 770 729 personis,
807 650 846 714 de
884 652 1004 729 quihus
1040 653 1178 731 stropha
1213 672 1228 713 a
1257 654 1387 731 agitur:

214 759 296 836 ipsis
322 759 454 823 scilicet
477 757 621 838 ancillis,
647 775 730 836 quae
755 759 784 821 si
808 776 864 821 res
889 758 970 821 bene
996 760 1170 839 cesserint,
1204 778 1240 823 se
1271 767 1389 824 cantus

212 883 285 929 esse
322 872 516 930 cantaturus
551 866 760 944 promittunt,
796 873 830 930 et
866 866 981 929 amicis
1018 866 1053 943 (i.
1079 884 1107 930 e.
1146 866 1263 931 liberis
1298 870 1388 945 Aga-

213 972 420 1052 memnonis),
445 973 501 1051 qui
526 979 620 1050 peste
645 972 821 1037 liberatum
848 973 891 1036 iri
917 972 1084 1053 dicuutur,
1117 982 1152 1038 et
1175 973 1322 1039 fortasse
1346 1011 1387 1019 -

213 1082 239 1144 si
266 1088 393 1144 rectum
419 1088 472 1144 est
495 1073 592 1139 πόλει
616 1098 644 1144 ν.
659 1086 723 1143 820
815 1080 879 1142 toti
905 1079 1047 1144 civitati.
1096 1083 1141 1145 ht
1165 1081 1289 1145 iterata
1313 1089 1390 1159 post

212 1188 455 1266 antistropham
482 1206 497 1247 ε
523 1187 627 1250 verba
650 1185 691 1249 ad
716 1186 951 1264 praecedentia
975 1187 1086 1264 inepte
1111 1187 1290 1266 accedent3
1315 1208 1387 1253 nam

213 1302 384 1372 postquam
422 1301 493 1359 tota
528 1294 741 1371 antistropha
776 1294 907 1357 nonnisi
944 1294 984 1357 de
1021 1295 1140 1358 Oreste
1176 1313 1284 1359 sermo
1309 1294 1388 1375 luit,

213 1403 269 1481 qui
307 1420 366 1465 cur
402 1401 533 1465 caedem
570 1400 723 1466 coniiciat
755 1419 892 1464 necesse
924 1402 970 1466 sit
1001 1402 1193 1483 exponitur,
1218 1403 1297 1481 quid
1322 1404 1386 1468 sihi

212 1508 295 1573 velit
319 1509 513 1573 continuata
547 1526 607 1586 per
640 1501 678 1567 mi
714 1507 751 1568 δέ·
784 1510 893 1572 oratio
925 1527 989 1572 non
1015 1510 1200 1589 apparebit,
1226 1529 1297 1574 cum
1323 1529 1386 1574 non

212 1617 258 1680 sit
283 1616 335 1679 cui
361 1615 395 1679 id
420 1624 617 1694 opponatur.
652 1616 765 1694 Neque
791 1616 875 1678 euim
901 1616 1027 1693 poterit
1050 1617 1170 1695 opponi
1189 1610 1247 1677 τὸν
1265 1613 1388 1697 circesq

211 1742 285 1787 nam
309 1740 414 1801 usqne
438 1722 478 1786 ad
504 1723 598 1786 finem
625 1724 773 1802 Orestes,
792 1731 829 1786 ut
845 1723 1041 1803 subiectum,
1059 1738 1264 1801 resumptum
1287 1726 1386 1789 etiam

212 1830 392 1908 participio
428 1823 617 1909 ἐξαπολλίς,
653 1829 835 1907 praevalet.
889 1831 1070 1894 Praeterea
1105 1832 1177 1909 ipse
1214 1832 1387 1897 Wecklein

213 1936 247 2018 (l.
261 1938 281 2001 l.
301 1957 331 2015 p.
346 1933 424 2020 222)
449 1938 608 2002 observat
631 1955 696 2000 non
715 1939 796 2000 hene
813 1946 889 2015 post
905 1939 1131 2002 narrationem
1150 1957 1274 2019 eorum,
1304 1959 1388 2018 quae

212 2044 344 2108 eiecto
377 2045 446 2108 siut
477 2053 709 2124 consecutura,
745 2043 916 2122 adipsum
942 2054 1139 2110 momentum
1165 2047 1244 2110 sacti
1270 2046 1386 2111 rediri.

213 2151 316 2215 -Iu
342 2150 486 2215 sectando
512 2152 722 2229 stropharum
749 2152 875 2229 parisi
902 2171 979 2230 pars
1004 2151 1024 2213 d
1405 2158 1408 2164 '

424 2250 461 2318 τὸ
486 2256 520 2319 δὲ
544 2256 647 2326 καλῶς
670 2259 825 2335 κτίμενον
836 2256 857 2335 1)
882 2249 906 2319 oi
930 2263 1012 2337 μέγα
1036 2262 1137 2320 ναίων

424 2359 572 2445 στόμιον,
598 2343 634 2424 εὖ
659 2360 713 2433 δὸς
736 2359 864 2426 α’νιδεῐν
888 2360 990 2444 δόμον
1015 2361 1122 2448 α’δρός,

426 2469 512 2552 linai
535 2492 585 2533 νιν
609 2468 803 2554 ἐλευθερίως

424 2577 585 2661 λαμπροῖς
600 2574 690 2649 ,ἰδεῖν
715 2578 837 2659 φιλίοις

426 2681 548 2764 ὄμμασι
574 2686 734 2768 δνοφερᾶς
759 2683 949 2768 καλύπτρας

212 2802 287 2871 post
324 2793 566 2871 antistropham
604 2814 621 2871 γ
655 2796 834 2875 repetitur,
878 2798 953 2860 miri
991 2798 1117 2876 aliquid
1152 2800 1263 2871 hahet,
1299 2799 1386 2878 quod

214 2901 332 2978 Apollo
344 2900 372 2981 ³)
397 2901 448 2964 bis
472 2901 650 2967 invocatur
675 2902 773 2981 idque
798 2904 857 2981 ita,
884 2913 920 2970 ut
945 2904 1028 2968 duae
1053 2907 1125 2969 eins
1155 2906 1385 2972 invocationes

320 3075 345 3143 1)
364 3081 496 3149 κτίμενον
515 3094 565 3147 pro
586 3071 726 3151 κτίμενον
745 3081 924 3149 Bambergcr.

317 3164 345 3235 2)
365 3167 536 3223 Coniunctis
556 3169 711 3223 Hermanni
731 3170 936 3239 Dindoriiiquc
956 3173 1131 3227 coniecturis
1147 3191 1277 3241 propone

530 3261 577 3310 καί
595 3279 639 3311 νιν
658 3256 821 3332 ἐλευθερίαις
841 3259 897 3327 (μοῖς

532 3341 661 3421 λαμπρὸν
680 3348 750 3402 ἰδεῖν
769 3352 870 3416 φιλίοις

532 3431 655 3509 ὄμμασιν
674 3436 704 3490 ἐκ
723 3439 860 3510 δνοφερᾶς
878 3435 1042 3510 καλύπτραις.

317 3526 344 3590 3)
363 3525 539 3593 Apollinem,
556 3545 613 3580 non
636 3528 787 3582 Plutonem
807 3528 902 3598 (quem
923 3532 986 3585 vult
1003 3531 1188 3586 sclioliastcsi
1215 3535 1385 3603 intellegen-

211 3617 275 3667 dum
304 3633 368 3668 csse
398 3615 567 3670 vocabulum
598 3610 710 3687 στόμιον
738 3619 832 3685 docet,
862 3621 938 3688 qnod
969 3639 1032 3673 cum
1051 3622 1089 3674 sit
1112 3624 1244 3691 „ostiunq
1263 3625 1384 3690 aditus“,

211 3723 267 3758 niun
291 3705 382 3773 ipsum
403 3723 508 3772 oretum,
529 3707 589 3772 sed,
609 3707 632 3759 si
652 3707 689 3761 ad
702 3724 798 3761 orcum
814 3714 859 3762 est
871 3710 1063 3774 referendum,
1077 3713 1137 3765 eius
1152 3714 1260 3766 aditum
1274 3719 1384 3766 tanturn

211 3799 255 3855 (ut
276 3795 347 3847 l‘lat.
368 3795 428 3848 Pol.
443 3796 485 3858 10,
504 3797 594 3863 polo
606 3793 843 3866 l)l⁴})signilicare
863 3805 969 3868 potest.
992 3800 1046 3853 Hic
1066 3808 1160 3855 alutem
1179 3801 1278 3857 sources
1292 3810 1384 3866 terrqc

210 3890 285 3945 stunt,
305 3902 391 3953 super
409 3884 512 3952 quibus
533 3885 705 3954 Delphicum
725 3889 869 3940 oraculum
890 3895 950 3943 erat
971 3894 1153 3944 exstructum.

317 3972 509 4026 Wilamowitz
527 3975 553 4026 in
575 3976 704 4030 editione
725 3975 968 4045 Choephororum,
989 3996 1061 4047 (quae
1084 3998 1174 4047 nuper
1201 3983 1319 4049 prodiit,
1348 3983 1384 4035 dc

210 4061 396 4114 currendandis
416 4062 460 4114 uis
481 4063 612 4117 versibus
633 4065 788 4133 tlespcrans
808 4064 856 4134 (cf.
868 4086 894 4137 p.
906 4065 1017 4135 artat)
1037 4073 1131 4122 tamen
1156 4070 1198 4122 eia
1218 4069 1383 4139 Apollinem

210 4150 342 4218 intellegi
369 4167 425 4202 non
447 4152 560 4207 'dehere
589 4160 711 4207 conatur
732 4156 928 4212 demonstrare
953 4157 990 4226 (p.
1004 4157 1065 4223 230,
1078 4159 1114 4212 ad
1128 4178 1154 4214 v.
1168 4158 1304 4214 dot-lli
1352 4161 1384 4213 Id

1308 4202 1312 4210 ι

1294 4218 1300 4229 l

210 4239 234 4293 si
254 4244 363 4292 rectum
381 4246 467 4308 essct,
487 4242 537 4295 illa
557 4241 688 4312 offensio,
709 4252 739 4297 ut
758 4251 802 4300 est
823 4253 1058 4315 consentancum,
1078 4255 1155 4303 esset
1175 4250 1383 4321 sublata(quae
