3112 4890
665 283 885 344 ..32-

187 475 261 538 loco
287 477 320 539 in
344 475 450 554 primo
475 476 686 554 stropharum
710 473 794 554 pari,
819 474 936 538 autin
961 473 1067 551 primo
1092 479 1126 538 et
1149 472 1253 537 tertio
1278 471 1360 550 Sup-

187 583 308 660 plicum
333 582 452 660 parodi
480 583 585 661 partis
609 583 733 648 tertiae
751 578 795 663 (p.
818 586 861 645 24
880 588 914 645 et
932 577 999 663 25),
1018 580 1229 660 ephymnium
1253 578 1357 643 inter·

187 688 289 753 icitur
325 691 383 771 ita,
420 698 470 755 ut‘
490 709 556 754 non
591 690 697 766 ipsum
731 707 862 753 sensnm
902 688 1061 765 strophae
1091 686 1276 766 continuet,
1303 686 1362 750 sed

187 803 296 860 tamen
332 797 458 861 talibus
493 797 607 862 verbis
643 796 843 876 excipiatur,
879 813 963 874 quae
999 794 1130 858 omnino
1154 793 1280 858 nullam
1305 794 1361 858 ob·

188 904 385 968 scuritatem
408 911 466 968 aut
490 903 732 969 dubitationem
756 903 945 982 admittant,
970 900 1181 966 offensionem
1199 901 1361 979 praebere

189 1029 250 1073 uon
277 1018 442 1089 poterant.
491 1010 555 1076 Sed
585 1010 684 1091 illud,
709 1009 796 1088 quod
828 1009 917 1074 inter
948 1009 1058 1073 omnia
1082 1008 1250 1088 ephymnii
1274 1008 1361 1085 apud

189 1117 388 1197 Aeschylum
423 1119 573 1196 exempla
604 1118 745 1182 maxime
769 1116 809 1181 ad
833 1117 1027 1194 popularem
1052 1124 1152 1194 atque
1176 1114 1360 1193 simplicem

188 1243 310 1288 morem
327 1225 583 1306 appropinquat,
601 1242 665 1303 quo
684 1225 887 1302 compositae
905 1230 982 1287 sunt
1000 1221 1217 1287 Eumenidum
1235 1221 1361 1287 exodus

187 1339 221 1396 et
259 1332 515 1409 Agamemnonis
551 1331 666 1410 parodi
707 1331 851 1396 secunda
886 1349 976 1412 pars,
1013 1329 1179 1394 offendere
1226 1337 1360 1408 poetam

188 1446 331 1516 poterat.
379 1439 459 1503 Nam
501 1439 712 1520 emphymnia
751 1438 807 1503 bic
842 1438 924 1502 adeo
961 1456 1025 1501 non
1061 1437 1243 1502 cohaerent
1288 1456 1361 1502 cum

187 1546 324 1627 ceteris,
359 1554 396 1611 ut
432 1547 543 1624 potius
579 1547 613 1610 in
650 1545 869 1610 Eumenidum
904 1543 1009 1608 exodo
1046 1545 1150 1609 semel
1185 1544 1231 1621 (v.
1259 1543 1360 1611 louet

188 1651 327 1717 mediam
352 1671 475 1732 eorum,
511 1654 567 1732 qui
599 1660 713 1717 cetera
738 1659 870 1733 canunt,
895 1652 1157 1718 enuntiationem
1182 1652 1360 1716 interrum-

187 1766 277 1840 pent,
303 1760 336 1824 in
361 1761 619 1838 Agamemnonis
643 1760 769 1838 parodo
794 1760 845 1824 bis
870 1759 983 1824 sinon
1008 1761 1259 1838 grammaticam
1285 1777 1361 1823 con·

187 1868 408 1932 structionem
432 1867 472 1931 ad
502 1875 613 1932 tamen
639 1886 770 1932 sensum
796 1864 1035 1950 (narrationem
1059 1866 1207 1946 prodigii
1233 1884 1361 1931 eornm-

187 1993 250 2053 que
275 1993 359 2054 quae
384 1975 633 2054 sequebantur),
656 1993 762 2054 neque
787 1982 845 2039 aut
868 1975 924 2039 hic
948 1980 1006 2039 aut
1022 1974 1096 2038 illic
1112 1992 1226 2038 eorum
1243 1980 1362 2051 postea

187 2081 237 2159 (in
261 2082 311 2145 ets
336 2100 420 2161 quae
446 2083 595 2160 proxime
621 2082 817 2161 sequuntur)
842 2082 930 2146 ratio
955 2082 1134 2160 habeatur3
1164 2081 1249 2160 qnod
1280 2099 1360 2161 quo·

188 2187 283 2252 modo
308 2188 367 2252 fiat
390 2207 491 2267 supra
521 2189 674 2255 vidimus.
710 2189 778 2254 Nec
795 2188 911 2254 dubito
929 2190 1008 2268 quin
1025 2188 1188 2253 eiusmodi
1202 2188 1361 2269 Aeschyli
1389 2199 1393 2209 '

187 2296 338 2373 exempla
372 2296 607 2374 Aristophanis
640 2296 714 2360 ioco
746 2304 941 2374 spectentur
972 2331 1014 2342 -
1041 2297 1070 2361 si
1093 2314 1131 2361 re
1155 2315 1237 2362 vera
1260 2303 1362 2374 poeta

187 2401 227 2465 de
252 2401 448 2466 annectendi
473 2404 652 2484 ephymnia
675 2405 806 2469 ratione
829 2405 884 2468 hic
909 2405 1040 2469 omnino
1066 2405 1212 2482 cogitari
1240 2404 1359 2469 voluit.

294 2528 329 2592 Si
355 2528 472 2609 igitur,
497 2547 537 2592 ne
562 2529 708 2594 secundo
732 2529 900 2609 tertioque
924 2530 1009 2594 locis
1038 2530 1071 2594 in
1100 2535 1217 2593 nostro
1241 2529 1361 2594 Eume·

187 2634 298 2698 nidum
336 2636 467 2699 cantico
503 2636 682 2716 ephymnia
717 2635 978 2718 introducamus,
1012 2637 1109 2701 nobis
1134 2635 1360 2718 dissuadetur,

187 2749 297 2805 tamen
334 2741 419 2820 quod
453 2743 600 2807 traditae
636 2743 762 2807 formae
787 2751 900 2821 partes
926 2751 1066 2823 ratque
1098 2762 1201 2808 enon
1226 2745 1360 2826 habent,

188 2847 275 2927 qnod
299 2848 349 2912 eis
365 2849 576 2931 respondeat,
590 2850 687 2915 valde
705 2850 872 2932 displicet,
891 2850 1061 2930 proboque
1078 2869 1194 2915 eorum
1216 2870 1360 2932 operam,

188 2955 242 3033 qui
267 2955 378 3034 aliquo
404 2955 499 3019 modo
524 2958 774 3035 responsionem
798 2956 929 3022 efficere
953 2957 1163 3023 studuerunt.
1200 2959 1246 3023 Et
1262 2958 1361 3023 facile

187 3062 391 3143 adducimur,
428 3070 464 3127 ut
501 3071 686 3129 statuamus
724 3065 802 3130 illas
837 3074 952 3142 partes
987 3067 1028 3129 ab
1053 3066 1186 3145 origine
1211 3067 1301 3130 inter
1324 3084 1360 3131 se

187 3169 410 3251 respondisse,
445 3190 516 3235 cum
550 3180 585 3236 et
608 3189 763 3237 numerus
793 3191 948 3238 versuum
973 3181 1139 3254 congruat
1162 3183 1197 3240 et
1220 3182 1360 3239 metrum

188 3276 289 3340 trium
319 3278 467 3355 priorum
497 3274 689 3360 (quartique
718 3279 833 3362 medii)
862 3281 948 3345 idem
978 3281 1032 3361 sit,
1062 3281 1243 3347 diversitas
1273 3289 1361 3346 cete-

188 3401 299 3447 rorum
325 3392 436 3448 autem
452 3385 538 3449 haud
556 3387 604 3451 ita
620 3388 835 3453 vehementer
851 3388 897 3452 sit
914 3388 1101 3469 premenda,
1120 3389 1198 3467 quia
1221 3390 1362 3453 metrica

188 3489 295 3554 forma
333 3509 448 3556 versus
485 3498 549 3556 360
582 3495 777 3576 μαυροῦμεν
812 3485 869 3575 ὑφ’
904 3492 1043 3573 αἵματος
1078 3497 1153 3557 νέου
1188 3515 1254 3560 non
1289 3497 1361 3560 sine

188 3597 369 3662 offensione
394 3606 461 3680 est,
495 3606 529 3663 et
554 3602 696 3681 scribae,
722 3602 751 3665 si
775 3602 1024 3678 responsionem
1048 3603 1113 3667 iam
1137 3622 1202 3667 non
1240 3621 1361 3682 cogno-

188 3706 340 3785 scebant,
376 3704 509 3771 iacilius
532 3714 639 3771 metra
663 3726 877 3786 corrumpere
906 3717 1073 3792 poterant,
1100 3717 1137 3776 ut
1161 3710 1285 3775 sactum
1310 3717 1362 3774 est

188 3811 222 3874 in
247 3813 416 3891 plerisque
441 3814 566 3892 epodis.
604 3815 651 3879 Et
674 3824 921 3894 proposuerunt
945 3835 1016 3881 eam
1040 3818 1200 3883 medelam
1225 3817 1362 3896 plurimi

188 3936 312 3999 eorum,
342 3920 398 3998 qui
429 3922 607 4001 ephymnia
637 3923 754 3988 invitis
784 3923 955 3988 codicibus
984 3924 1164 3990 noluerunt
1198 3932 1360 3988 statuere.

189 4024 254 4089 Sed
289 4027 403 4104 plures
439 4046 551 4093 eorum
585 4038 763 4107 praeterea
799 4029 949 4093 ordinem
985 4031 1130 4107 partium
1169 4031 1226 4110 qui
1251 4032 1361 4096 estin

189 4132 358 4198 codicibus
391 4142 620 4215 mutaverunt,
647 4137 695 4200 ita
720 4144 757 4200 ut
781 4136 948 4201 mesodica
972 4138 1224 4215 compositionis
1255 4140 1363 4204 forma

189 4259 206 4304 e
232 4241 379 4306 carmine
404 4248 629 4308 evanesceret.
677 4242 779 4307 Velut
803 4243 922 4324 Heath,
948 4263 1045 4323 quem
1067 4265 1133 4310 non
1157 4247 1255 4326 pauci
1285 4254 1363 4313 suut
