3112 4890
625 281 647 286 ,.
702 248 743 306 45
804 280 832 286 .-

142 459 279 519 prorsus
314 447 474 518 negatum
511 447 546 504 et
583 447 719 504 coaetus
756 447 808 503 est
845 439 1011 503 Hermann
1049 436 1090 502 ad
1115 437 1318 501 efficiendam

143 548 232 611 iliam
257 547 508 624 responsionem
534 546 567 609 in
592 553 774 626 systemate
799 546 826 626 Ι,
851 545 937 624 quod
963 544 1066 610 multo
1101 545 1237 610 brevius
1268 551 1320 607 est

142 674 237 732 quam
262 661 409 734 systema
434 654 472 732 V,
509 652 660 717 lacunam
696 652 808 717 decem
846 659 1024 716 metrorum
1062 659 1222 716 statuere.
1256 649 1320 714 Sed

142 760 174 824 id
212 760 297 824 haud
333 761 381 824 ita
416 760 629 824 temerarium
655 767 716 839 est,
754 779 825 824 eum
858 758 1110 838 corruptissima
1143 758 1321 824 videantur

142 868 244 932 verba
269 869 328 927 νῦν
352 864 387 928 δὲ
410 864 538 928 τελείαν
562 865 629 930 κτλ.
657 867 807 947 decedit,
840 867 928 946 quod
951 867 1200 947 hypermetrum
1227 857 1264 925 ἰώ
1283 861 1320 926 id

142 969 311 1056 παράνους
340 966 453 1034 Ἑλένα
483 1009 525 1018 -
558 966 625 1034 ὑπὸ
661 976 766 1056 Τροίᾳ
794 992 831 1038 re
864 992 944 1040 vera
974 974 1188 1054 hypermetro
1212 973 1319 1050 primo

142 1082 382 1162 systematisV
419 1073 456 1141 ἰώ
491 1083 530 1159 γᾶ
554 1076 778 1164 γᾶ-χαμειῐνην
802 1083 898 1161 plane
923 1080 1113 1161 respondet,
1151 1087 1185 1144 et
1216 1080 1321 1145 verbo

143 1186 576 1254 vvdeddaetm'oev.1459
614 1189 862 1266 anapaestieum
899 1188 1089 1269 rhythmum
1123 1187 1320 1265 praebentia
1438 1270 1443 1280 ¹

143 1297 274 1361 initium
320 1295 456 1360 secundi
498 1297 577 1360 olim
628 1297 832 1376 hypermetri
883 1297 955 1360 eius
1001 1295 1195 1375 systematis
1246 1311 1319 1358 esse

144 1411 324 1482 potuerunt
360 1401 425 1483 (sie
460 1404 524 1467 iam
563 1404 751 1480 Hermann).
804 1403 1066 1468 Consentaneum
1104 1410 1156 1466 est
1195 1401 1318 1466 eisdem

141 1499 354 1589 argumentis
383 1511 583 1589 Westphalii
615 1510 655 1574 de
690 1511 750 1574 hae
783 1528 818 1574 re
848 1511 1047 1575 seutentiam
1087 1508 1230 1587 defendi,
1263 1509 1319 1587 qui

143 1616 256 1681 eodem
281 1617 380 1680 huius
404 1617 543 1680 lacunae
568 1616 714 1680 remedio
738 1623 887 1696 systema
910 1617 927 1681 I
951 1617 979 1680 si
1012 1635 1075 1680 non
1109 1615 1149 1680 ad
1181 1615 1318 1679 eundem

143 1732 335 1804 metrorum,
360 1731 395 1788 at
418 1730 528 1787 tamen
553 1724 841 1804 hypermetrorum
867 1742 1036 1787 numerum
1062 1742 1101 1787 ae
1125 1722 1317 1803 systemaV

142 1830 278 1910 redigit.
327 1830 394 1893 Iam
431 1831 458 1894 si
496 1830 571 1908 quis
608 1830 801 1895 melioarum
836 1831 983 1908 partium
1018 1832 1040 1908 β
1075 1838 1109 1894 et
1140 1831 1319 1908 {respon-

142 1939 267 2001 sionem
292 1937 416 2016 poscit,
451 1955 571 2003 vereor
595 1944 632 2001 ut
655 1936 798 2002 refutari
829 1938 946 2015 possit.
995 1937 1161 2001 Dixerunt
1185 1938 1320 2017 longius

143 2063 217 2108 esse
253 2044 466 2109 intervalium
504 2062 600 2122 quam
637 2051 674 2108 ut
709 2053 837 2122 partem
870 2045 887 2118 ζ
922 2045 1011 2122 porti
1042 2046 1072 2123 β,
1109 2053 1257 2126 systema
1291 2045 1319 2108 V

143 2151 316 2231 systemati
340 2151 357 2215 I
380 2151 582 2229 respondere
607 2169 801 2231 quemquam
825 2150 1104 2217 animadvertisse
1134 2152 1319 2216 verisimile

143 2259 196 2322 sit.
243 2256 307 2321 Sed
331 2258 489 2322 habemus
515 2258 704 2339 Aeschyleo
727 2258 975 2338 Sophocleaque
1001 2259 1162 2339 exempla,
1199 2260 1319 2337 quibus

144 2365 379 2444 comprobetur
417 2365 587 2442 stropham
625 2373 659 2430 et
701 2366 944 2444 antistropham
978 2367 1102 2429 maiore
1138 2367 1319 2432 intervallo

144 2471 248 2536 dividi
275 2472 435 2549 potuisse.
482 2469 520 2535 In
553 2471 685 2550 Septem
718 2471 832 2536 fabula
862 2470 939 2535 inde
973 2490 1114 2537 averso
1140 2478 1205 2537 404
1231 2474 1321 2538 inter

144 2579 280 2656 primam
306 2579 478 2656 stropham
508 2587 543 2641 et
575 2579 819 2656 antistropham
844 2579 989 2657 triginta
1019 2580 1109 2644 inter
1143 2580 1320 2645 secundam

144 2685 314 2763 stropham
351 2692 385 2749 et
422 2685 663 2763 antistropham
698 2686 853 2767 triginta,
890 2694 1028 2767 septem,
1065 2687 1155 2751 inter
1182 2689 1319 2752 tertiam

144 2792 313 2868 stropham
339 2792 646 2871 antistrophamque
680 2790 966 2871 duodesexaginta
996 2811 1115 2860 versus
1139 2795 1318 2860 intersunt.

144 2891 409 2963 ln‘Philoeteta
441 2899 612 2975 stropham
648 2917 679 2966 v.
709 2905 770 2963 391
803 2919 874 2979 sqq.
912 2901 1125 2979 antistropha
1168 2902 1320 2980 sequitur

145 3006 298 3070 versibus
330 3007 532 3071 intermissis
565 3014 695 3071 eentum
728 3008 882 3086 quinque.
932 3011 976 3073 At
1007 3026 1125 3073 versus
1158 3010 1210 3072 his
1235 3010 1319 3073 loeis

145 3113 313 3191 stropham
340 3121 374 3178 et
397 3114 639 3193 antistropham
665 3113 860 3179 dirimentes
884 3115 1032 3179 trimetri
1059 3123 1147 3196 sunt,
1180 3135 1318 3194 qnorum

145 3238 186 3283 ne
230 3220 335 3282 maior
378 3220 509 3298 quidem
546 3239 701 3284 numerus
737 3223 874 3286 arcebat
909 3240 949 3286 ne
986 3225 1160 3301 responsio
1198 3242 1319 3302 eogno-

145 3334 315 3405 seeretur3
340 3325 398 3390 sed
423 3328 478 3391 hio
514 3346 586 3392 eum
616 3337 692 3406 post
723 3336 850 3406 partem
875 3331 897 3408 β
918 3349 982 3393 uon
1007 3331 1114 3394 miuus
1139 3350 1234 3410 quam
1260 3349 1318 3395 sex

146 3434 304 3511 strophae
340 3441 511 3515 canantur,
548 3442 672 3514 septem
719 3444 902 3517 systemata
944 3438 1149 3519 recitentur,
1189 3439 1217 3502 si
1255 3457 1318 3503 non

146 3540 218 3619 ipsa
243 3560 372 3620 quoquo
408 3551 579 3622 sanantur,
615 3563 690 3607 num
728 3544 900 3623 quisquam
931 3545 1181 3622 responsionem
1216 3546 1318 3608 inter·

146 3646 264 3711 cedere
291 3649 378 3712 inter
410 3667 479 3712 eam
512 3658 546 3713 et
574 3659 700 3728 partem
734 3652 750 3724 ζ
782 3651 982 3728 intellegere
1007 3654 1164 3729 poterat?
1188 3670 1263 3715 num
1289 3653 1317 3715 si

146 3753 178 3818 id
203 3773 267 3818 non
292 3755 401 3826 fiebat,
428 3773 560 3833 operam
586 3764 620 3820 et
637 3757 744 3820 oleum
763 3757 949 3834 perdidisse
967 3766 1098 3835 poetam
1122 3757 1318 3823 credemus?

148 3860 299 3924 Attalis
330 3866 440 3924 tamen
474 3861 563 3925 taeta
595 3879 667 3924 esse
701 3861 871 3941 Euripidis
900 3864 968 3928 tria
1001 3865 1153 3942 exempla
1181 3863 1317 3931 doeent:

149 3967 183 4030 In
210 3971 329 4031 tireste
353 3969 511 4046 strophae
539 3973 710 4032 1345--58
735 3970 947 4047 antistropha
978 3975 1136 4050 lado-te,
1168 3972 1201 4036 iu
1239 3971 1317 4050 Hip·

147 4074 262 4155 polyto
297 4076 456 4153 strophae
492 4081 645 4139 363---74
681 4077 893 4154 airtistropha
928 4081 1099 4159 664-75,
1135 4079 1169 4142 iu
1204 4079 1317 4144 Rheso

147 4182 305 4261 strophae
330 4187 483 4247 443—55
509 4183 721 4263 antistropha
738 4189 890 4248 813—25
908 4183 1112 4263 respondent
1128 4184 1315 4262 (seeundum
