3112 4890
159 447 222 513 Sed
248 446 519 527 proficiscendum
549 453 601 510 est
632 445 801 525 amenis,
825 463 909 525 quae
941 445 1067 509 clarius
1091 462 1187 524 quam
1212 444 1334 508 factum

159 564 211 619 est
235 555 330 619 hines
354 561 466 632 partes
497 553 689 633 significare
719 571 785 616 non
818 559 1021 637 potuerunt;
1046 571 1084 615 ac
1107 550 1243 617 videtur
1272 552 1334 616 tali

159 662 400 741 compositione
434 668 534 739 poeta
566 678 645 724 usus
677 677 768 741 esse,
793 667 830 724 ut
858 677 989 738 semper
1013 667 1161 738 systema
1184 659 1334 722 melleam

158 777 298 848 partem,
323 769 443 832 melica
480 786 558 845 pars
595 774 742 849 systema
774 767 958 844 exciperet.
1005 765 1116 847 Quare
1140 766 1203 830 hoc
1228 766 1334 844 ipsum

160 877 214 939 hic
238 875 322 939 addo
358 882 507 939 nostrum
542 875 752 955 ephymnium
788 893 807 937 a
843 874 979 952 ceteris
1009 891 1093 952 qnae
1117 871 1224 936 adhuc
1249 872 1335 950 apud

160 982 361 1063 Aeschylum
398 983 595 1062 invenimus,
629 999 668 1045 eo
703 981 837 1045 differre
873 979 959 1060 quod
990 988 1106 1060 aperte
1143 997 1183 1043 ex
1208 979 1335 1044 duabus

160 1091 314 1168 partibus
338 1096 480 1170 constat,
505 1090 679 1167 alteraque
703 1090 776 1153 eins
801 1106 879 1166 pars
903 1088 1128 1168 anapaestica,
1157 1105 1222 1150 non
1245 1105 1335 1150 mere

161 1197 279 1260 melica
303 1204 364 1261 est.

266 1305 385 1369 Restat
416 1311 452 1368 ut
482 1323 620 1382 agamus
651 1303 690 1367 de
721 1304 829 1368 altero
860 1303 1029 1382 tertioque
1064 1303 1334 1381 Choephororum

160 1413 320 1493 stasimiS‚
353 1430 437 1490 quae
468 1412 557 1477 inter
591 1411 845 1489 corruptissima
877 1411 1037 1491 Aeschyli
1070 1411 1218 1474 carmina
1247 1418 1333 1475 sunt.

161 1523 306 1600 Quorum
331 1518 414 1583 illud
440 1521 479 1596 (v.
499 1525 561 1582 779
576 1515 662 1602 sqq.)
688 1519 772 1583 hanc
796 1518 933 1582 formam
959 1519 1116 1596 praehet:

641 1644 706 1709 Str.
732 1662 753 1703 α

729 1753 751 1830 β

586 1861 800 1954 ,cnr

639 1967 705 2031 Str.
741 1986 758 2044 γ

737 2072 757 2134 δ

586 2183 799 2276 ,mn

640 2287 706 2352 Str.
744 2306 760 2348 ε

747 2395 764 2461 ζ

641 2504 718 2566 Ant.
743 2521 769 2565 a.

161 2630 270 2705 Atque
297 2628 456 2691 hocloco
482 2627 675 2691 defensores
700 2629 868 2709 ephymnii
894 2646 932 2691 eo
957 2627 1156 2706 procedunt,
1182 2635 1218 2692 ut
1241 2628 1334 2691 nullo

160 2735 289 2798 omnino
326 2734 396 2798 eius
432 2736 481 2798 rei
519 2735 665 2814 vestigio
701 2734 828 2800 tradito
853 2743 962 2799 tamen
987 2744 1101 2812 partes
1124 2733 1233 2815 β,δ,ζ
1258 2743 1335 2812 post

160 2841 388 2919 antistrophas
413 2861 443 2918 c,
465 2861 491 2923 y,
516 2861 532 2902 e
555 2849 721 2920 repetant.
769 2842 818 2906 De
852 2861 916 2922 quo
949 2841 1027 2922 quid
1060 2841 1257 2906 censendum
1289 2842 1335 2905 sit

161 2947 342 3013 videamus.

266 3055 470 3121 Invocantur
505 3058 568 3121 hoc
608 3057 754 3121 carmine
790 3056 854 3137 dei,
891 3063 928 3121 ut
964 3056 1116 3121 Orestem
1138 3056 1193 3120 'in
1233 3056 1333 3120 caede

160 3163 277 3227 matris
313 3172 347 3228 et
381 3164 537 3242 Aegisthi
575 3164 778 3243 perficienda
814 3163 989 3245 adiuvent,
1025 3163 1161 3243 ipseque
1195 3163 1333 3227 Orestes

160 3271 279 3334 absens
315 3279 476 3350 monetur,
514 3280 550 3337 ut
583 3270 720 3336 fortiter
753 3272 929 3336 consilium
969 3278 1183 3350 exsequatur.
1244 3271 1333 3335 Haec

160 3386 268 3441 autem
294 3378 425 3443 Orestis
449 3378 640 3443 adhortatio
666 3379 827 3457 incipite
852 3387 947 3457 parte
973 3380 989 3454 ζ
1015 3376 1059 3462 (v.
1071 3380 1150 3456 823)

461 3478 499 3547 σύ
523 3483 559 3547 δὲ
582 3487 725 3568 θαρσῶν,
748 3476 828 3546 ὅταν
851 3476 911 3571 ἥκῃ

461 3596 558 3674 μέρος
582 3587 693 3674 ἔργων,
717 3585 863 3662 ἐπαΰσας

462 3694 587 3780 πατρὸς
612 3694 702 3781 ἔργῳ,
726 3695 873 3780 θροούσᾳ

462 3797 546 3885 πρὸς
568 3803 603 3865 σὲ
626 3808 743 3866 τέκνον
767 3799 891 3887 πατρὸς
915 3796 1029 3888 αὐδάν,

462 3911 518 3971 καὶ
542 3913 711 3993 περαίνων
734 3907 928 3991 ἐπίμομᾳον
950 3908 1043 3976 ἄταν.

161 4019 210 4081 Er
236 4019 322 4082 mala
347 4020 462 4082 horum
494 4038 650 4084 versuum
689 4019 884 4084 condicione
918 4029 1028 4084 tamen
1054 4021 1204 4098 plerique
1231 4022 1333 4084 inter·

161 4134 272 4202 protes
307 4126 392 4189 hunc
427 4126 497 4189 fere
533 4145 663 4190 sensum
701 4134 944 4205 cognoverunt:
982 4129 1030 4191 'lu
1060 4146 1140 4192 vero
1166 4129 1332 4192 constanti

159 4233 277 4312 animo,
314 4233 443 4313 quando
479 4234 611 4300 venerit
635 4231 777 4299 officium
801 4241 903 4316 tuum,
927 4236 1026 4300 matri
1050 4243 1084 4300 te
1108 4254 1228 4316 magna
1251 4254 1333 4300 voce
