3112 4890
759 246 796 310 l?

187 445 275 518 pat
297 441 391 522 squ),
417 449 451 506 et
474 438 619 506 fortasse
645 443 744 506 etiam
771 442 963 521 Supplicnm
989 443 1019 507 ei
1045 445 1130 525 loco,
1156 464 1252 524 quem
1276 451 1364 511 trac·

190 548 333 613 tabimus
356 568 388 627 p.
402 549 440 608 al
464 568 512 628 sq.
526 547 560 627 1).

294 656 398 720 Valde
435 657 551 720 mirum
589 656 726 734 repetiti
763 675 881 722 versus
906 658 1091 736 exemplum
1122 668 1174 725 est
1199 659 1232 724 iu
1258 659 1361 724 Choa-

189 764 367 841 phororum
405 765 536 828 cantico
572 765 679 842 primo
716 761 882 848 (hisnu).
931 766 1058 830 Versus
1095 766 1180 830 euim
1210 768 1245 831 in
1269 787 1364 846 quern

190 871 260 934 exit
284 872 496 949 antistropha
520 870 664 935 secunda

551 989 627 1065 τοὺς
650 989 680 1057 δ’
682 991 840 1076 ἄκραντος
865 992 932 1074 ἔχει
958 992 1017 1070 νύξ

189 1123 221 1186 iu
247 1123 310 1186 fine
335 1124 458 1187 tertiae
491 1140 620 1201 quoque
655 1123 814 1200 strophae
844 1123 989 1187 traditus
1021 1131 1080 1187 est.
1128 1122 1190 1188 Sed
1222 1144 1293 1188 cum
1326 1144 1364 1189 ea

190 1232 251 1293 hoc
276 1249 375 1296 versu
400 1230 532 1309 longior
557 1231 603 1294 sit
627 1250 722 1308 quam
748 1231 960 1307 antistropha
984 1231 1098 1307 tertia,
1124 1232 1237 1310 aliquo
1269 1232 1363 1296 modo

189 1339 376 1416 aequalitas
402 1347 454 1403 est
478 1337 677 1416 quaerenda.
727 1337 830 1418 Quem
854 1337 894 1401 ad
919 1337 1014 1401 finem
1040 1339 1126 1404 viam
1157 1358 1176 1402 a
1209 1340 1364 1417 plurimis

188 1445 272 1510 viris
308 1445 416 1511 doctis
448 1463 586 1524 prorsus
623 1444 788 1510 diversam
829 1446 975 1522 ingressi
1012 1454 1090 1510 sunt
1125 1446 1294 1511 Wellauer
1330 1457 1365 1512 et

191 1553 229 1616 G.
248 1553 281 1617 C.
301 1554 352 1617 W.
370 1552 551 1617 Schneider
575 1549 638 1633 (De
665 1553 819 1617 versibus
844 1552 1162 1632 epiphthegmaticis
1193 1556 1363 1636 Aeschyli,

190 1679 303 1739 progr.
327 1678 438 1740 gymn.
466 1660 548 1723 Vim.
577 1661 672 1741 1829,
700 1679 728 1737 p.
745 1660 825 1738 71‘8).
866 1660 946 1723 Nam
973 1679 1044 1723 cum
1071 1661 1175 1724 ceteri
1193 1679 1265 1725 cum
1292 1681 1365 1727 ver-

190 1786 258 1831 sum
286 1775 322 1831 ut
359 1765 442 1831 falso
468 1767 646 1845 repetitum
672 1773 748 1843 post
764 1772 805 1831 68
831 1766 966 1844 eiciant,
992 1767 1162 1831 Wellauer
1198 1768 1363 1833 excidisse

190 1881 266 1950 post
284 1879 323 1938 73
356 1893 488 1939 versum
522 1875 551 1937 ei
585 1873 840 1951 respondentem
866 1881 972 1953 putat,
1009 1873 1191 1938 Schneider
1226 1875 1362 1939 eundem

190 1989 266 2059 post
285 1986 323 2045 73
359 1982 502 2061 repetit,
537 1989 574 2045 ut
605 1989 659 2045 ter
684 1980 767 2044 idem
794 1999 911 2044 versus
943 1982 1073 2058 positus
1097 1981 1153 2061 sit,
1178 2000 1364 2059 provocans
1408 2021 1412 2025 ,

190 2088 229 2152 ad
255 2097 308 2153 ter
332 2090 476 2167 positum
502 2088 533 2151 iu
560 2087 684 2166 parodo
710 2087 965 2167 Agamemnonis
991 2074 1119 2148 αἴλινον
1136 2084 1262 2149 αἴλινον
1278 2085 1363 2171 εἰπέ,

189 2190 226 2256 τὸ
250 2177 319 2276 δἐὖ
340 2191 471 2257 νικάτω.
511 2196 574 2260 Sed
600 2198 629 2260 is
653 2195 745 2259 locus
771 2196 956 2273 comparari
986 2197 1119 2260 minime
1144 2204 1265 2277 potest,
1291 2217 1362 2261 cum

190 2303 261 2367 illic
286 2312 323 2368 ut
346 2312 399 2368 ter
424 2304 565 2382 positum
592 2305 637 2367 sit
662 2303 872 2384 ephymuium
897 2302 1021 2367 factum
1046 2303 1091 2367 sit
1123 2312 1260 2381 propter
1293 2313 1363 2369 tres

190 2410 280 2475 illius
321 2412 478 2475 carminis
514 2419 638 2489 partes,
681 2410 863 2489 stropham,
906 2411 1161 2488 antistropham,
1208 2410 1363 2489 epodum3

191 2517 372 2582 cuiusmodi
409 2537 509 2582 causa
545 2525 660 2582 nostro
698 2518 771 2580 loco
808 2516 912 2580 deest.
960 2517 1074 2595 Neque
1103 2517 1287 2583 verisimile
1312 2526 1365 2582 cst

192 2644 285 2689 insum
321 2645 394 2690 esse
429 2626 630 2706 Aeschylum
667 2643 809 2703 nuquam
844 2624 1030 2704 cplrymniis
1054 2624 1111 2704 ita,
1138 2634 1174 2689 nt
1198 2645 1263 2689 nou
1287 2641 1364 2703 post

192 2735 360 2811 stropham
398 2743 431 2799 ct
465 2733 706 2810 antistropham
749 2731 895 2794 eiusdem
932 2733 1034 2813 paris,
1071 2731 1129 2796 sed
1163 2742 1239 2810 post
1278 2733 1363 2797 anti·

191 2841 360 2918 stropham
402 2841 498 2905 unius
538 2850 572 2905 et
612 2840 782 2917 stropham
823 2839 964 2903 alterius
1004 2839 1094 2916 paris
1134 2858 1172 2903 ea
1212 2847 1362 2916 poneret.

192 2948 332 3013 Accedit
356 2948 442 3026 quod
467 2955 618 3027 uterque,
645 2953 679 3010 et
703 2946 873 3011 Wellaucr
897 2953 931 3009 ot
948 2945 1139 3024 Schneider,
1164 2946 1361 3010 sententiam

191 3055 368 3119 verborum
402 3056 500 3131 plane
537 3055 698 3132 neglexit.
746 3053 828 3116 Nam
872 3053 930 3116 ille
975 3071 1091 3117 versus
1132 3060 1169 3116 nt
1204 3053 1238 3115 in
1277 3054 1363 3116 anti·

191 3163 330 3239 stropha
366 3161 510 3225 secunda
545 3161 755 3239 aptissimum
792 3160 896 3223 locum
933 3167 1041 3240 tenet,
1078 3178 1150 3223 cum
1184 3158 1363 3223 videantur

191 3269 304 3332 verbis
330 3268 479 3345 quamvis
504 3268 674 3345 corruptis
700 3267 885 3344 comparari
910 3267 977 3330 tria
1002 3266 1054 3330 dei
1080 3275 1240 3346 tempora,
1267 3267 1364 3344 plena

191 3375 259 3455 lux,
300 3376 547 3455 crepusculum,
583 3373 691 3438 media
734 3392 798 3436 nox
833 3393 903 3437 curn
948 3374 1124 3437 celeritate
1160 3372 1362 3438 tarditateve

191 3483 490 3561 appropinquantis
527 3500 663 3562 poenae,
700 3482 748 3546 ita
784 3488 861 3559 post
899 3480 1070 3558 stropham
1111 3479 1262 3560 tertiam,
1299 3499 1363 3557 qua

192 3589 323 3653 caedem
355 3590 590 3668 inexpiabilem
617 3607 691 3654 esse
719 3596 754 3652 et
778 3586 989 3666 parricidam,
1015 3588 1043 3650 si
1070 3604 1176 3664 poena
1201 3594 1361 3666 moretur,

298 3801 325 3869 1)
345 3799 444 3856 Simile
476 3802 587 3869 amatrici,
618 3805 650 3853 ut
680 3801 720 3854 ita
752 3800 852 3865 dicam,
882 3798 1026 3866 ephymnii
1056 3797 1215 3866 exemplum
1245 3797 1364 3866 praehet

189 3892 362 3946 Theocritus
381 3893 484 3961 idyllio
505 3891 605 3958 altaro,
626 3889 674 3943 nbi
694 3906 795 3943 versus

404 3978 474 4051 Ιυγξ,
493 3980 554 4033 ἕλκε
574 3972 604 4032 τὸ
623 3976 706 4048 τῆνον
725 3965 794 4050 ἐμὸν
814 3977 877 4028 ποτὶ
896 3974 975 4047 δ’ὦμα
996 3971 1042 4029 τὸν
1062 3969 1150 4048 ἄνδρα

191 4088 277 4139 saepe
297 4071 427 4136 recurrit,
446 4071 476 4124 id
496 4071 572 4140 quod
591 4069 735 4137 Vergilius
755 4069 884 4120 imitatus
898 4072 942 4119 eat
957 4067 1010 4119 ecl.
1025 4067 1086 4133 &sl
1099 4084 1161 4136 aqq.
1176 4083 1260 4121 versu
1275 4067 1363 4118 iuter·

191 4160 279 4212 calari

298 4248 395 4301 ducite
414 4248 450 4302 ab
469 4247 540 4301 urbe
560 4248 683 4308 domurn,
702 4263 763 4300 mea
782 4245 916 4312 carmina,
936 4246 1034 4299 ducite
1055 4244 1207 4314 Daphnim.
