3112 4890
722 296 760 354 153
811 327 851 334 -.

152 486 303 551 diversos
332 487 543 564 antistropha
572 493 606 550 et
635 484 740 563 epodo
770 484 888 550 divelli
917 484 1025 550 debet.
1079 486 1173 567 Quod
1211 493 1328 550 contra

154 594 193 657 G.
208 594 241 658 O.
258 594 306 658 W.
324 592 573 673 Schneiderum,
591 593 645 671 qui
665 593 838 668 stropham
862 600 897 656 ot
920 592 1164 670 antistropham
1187 592 1328 656 ducibus

152 701 449 779 hemichoriorum‚
475 699 616 778 epodum
652 701 856 779 coryphaeo,
892 706 1011 763 contra
1051 700 1230 781 Keckium,
1271 699 1327 778 qui

153 808 309 886 deinceps
326 809 437 872 tribus
454 807 593 872 ducibus
610 808 712 872 trium
730 807 893 888 ordinum,
911 815 1028 872 contra
1041 807 1260 888 Metzaerum,
1272 807 1327 885 qui

152 915 262 980 trihus
292 915 464 979 ordinibus
494 914 561 996 dat,
593 914 767 978 dicendum
797 922 857 978 est.
906 914 1034 978 Deinde
1063 922 1218 979 constare
1248 923 1328 992 puto

153 1023 339 1103 ephymnia,
371 1023 400 1086 si
430 1022 470 1086 ab
500 1022 576 1086 aliis
607 1029 742 1086 cantata
766 1030 844 1086 sunt
873 1029 972 1099 atque
996 1021 1147 1100 reliquae
1173 1021 1328 1086 carminis

153 1136 277 1210 partes,
303 1130 343 1193 ab
376 1130 425 1192 eis
457 1148 521 1193 non
551 1130 599 1193 ita
631 1136 767 1193 cantata
796 1146 870 1193 esse
895 1135 931 1192 ut
955 1129 1066 1193 subito
1091 1128 1329 1207 praecedentia

153 1236 446 1317 interrumperent,
477 1235 509 1299 id
540 1235 626 1315 quod
656 1235 801 1300 fortasse
831 1226 848 1299 e
878 1236 1017 1312 stropha
1050 1243 1085 1299 et
1116 1236 1329 1313 antistropha

153 1343 274 1421 aliquis
309 1342 496 1407 concludat.
544 1343 625 1406 Nam
664 1343 801 1407 ultimus
838 1342 935 1420 epodi
971 1345 1089 1408 versus
1124 1342 1231 1406 artius
1256 1361 1328 1406 cum

152 1450 328 1532 ephymnio
365 1452 522 1514 cohaeret
558 1469 653 1529 qnam
688 1458 725 1515 ut
758 1450 835 1514 aliis
865 1450 958 1513 illum
988 1449 1065 1514 aliis
1089 1452 1152 1514 hoc
1175 1450 1326 1513 tribucre

151 1558 262 1622 liceat.
311 1556 405 1639 Quod
440 1559 468 1621 si
503 1557 551 1622 ita
586 1565 647 1637 est,
680 1558 714 1620 ln
747 1556 860 1621 codice
889 1557 1100 1637 ephymnium
1131 1575 1328 1636 unoquoque

153 1665 312 1729 carminis
343 1665 417 1728 loco
448 1665 501 1728 bis
531 1664 740 1729 scribendum
775 1664 849 1743 fuit,
883 1666 945 1728 hac
968 1664 1100 1728 ratione
1125 1673 1163 1728 ut
1187 1665 1328 1742 {orimum

153 1779 308 1836 cantores
344 1773 513 1850 strophae,
551 1772 793 1849 antistrophae,
830 1770 927 1850 epodi
964 1772 1219 1851 praecinerent,
1259 1780 1326 1835 tum

153 1879 208 1958 qui
239 1886 371 1943 cantum
404 1879 617 1956 excipiebant
645 1885 839 1955 repeterent
869 1913 912 1921 -
943 1877 1030 1957 quod
1060 1886 1169 1942 utrum
1204 1878 1329 1943 factum

153 1984 197 2051 sit
221 1986 318 2063 plane
343 1985 457 2049 eadem
488 1985 595 2049 forma
627 2004 668 2048 an
700 1985 905 2063 aliquantum
936 1984 1149 2063 discrepante
1180 1985 1232 2064 (ut
1257 1985 1328 2063 hae,

153 2111 250 2171 quam
273 2093 347 2156 vult
375 2093 485 2156 chk:
516 2088 641 2152 αἴλινον
670 2086 797 2152 αἴλινον
822 2070 910 2172 αὖτε,
933 2083 971 2152 τὸ
996 2070 1065 2153 ‹l'eu'
1084 2086 1220 2171 νικάτω)
1245 2091 1329 2156 nihil

154 2199 306 2264 interest.
353 2199 446 2278 Ergo
476 2207 535 2263 aut
565 2201 675 2263 omnia
705 2200 745 2263 ab
776 2198 910 2280 eisdem,
944 2199 1046 2263 choro
1077 2199 1225 2280 scilicet,
1259 2206 1328 2279 aut,

154 2314 190 2371 ut
214 2306 309 2370 modo
335 2306 493 2387 vidimus,
522 2308 673 2370 narratio
705 2305 787 2372 facti
818 2326 889 2370 cum
922 2307 1109 2386 ephymniis
1134 2307 1329 2384 apartibus

154 2414 260 2487 chori,
295 2413 419 2479 iterata
455 2415 632 2494 ephymnia
666 2433 685 2477 a
718 2421 790 2477 toto
822 2415 922 2478 choro
949 2422 1083 2479 cantata
1107 2422 1194 2480 sunt.
1241 2414 1328 2478 Illud

154 2521 270 2585 volunt
304 2521 458 2585 Hanssen
494 2520 630 2597 (Philol.
670 2525 766 2601 1884,
802 2540 832 2598 p.
853 2520 929 2601 723)
962 2527 996 2584 et
1025 2520 1112 2586 Grai
1138 2516 1200 2603 (De
1226 2522 1329 2585 Grae·

154 2646 266 2691 corum
292 2634 441 2692 veterum
477 2646 514 2690 re
554 2629 681 2691 musica
715 2629 944 2707 quaestionum
978 2628 1089 2704 capita
1123 2627 1196 2707 duo,
1222 2628 1329 2694 Marb.

158 2739 251 2816 1888,
277 2753 307 2812 p.
334 2737 400 2805 591,
437 2736 500 2799 hoc
536 2736 688 2813 inprimis
725 2734 898 2801 Wecklein
936 2735 1066 2807 (Jahrb.
1095 2740 1195 2816 1884,
1220 2735 1328 2813 suppl.

154 2841 249 2922 XIII,
264 2861 295 2919 p.
314 2839 401 2925 224),
419 2841 560 2905 Arnoldt
574 2843 658 2917 (Iler
672 2843 761 2906 (thor
774 2842 816 2905 im
826 2845 1051 2920 Agamemnon
1066 2842 1328 2922 desAeschylus,

154 2949 228 3012 Hal.
256 2954 351 3029 1881,
379 2968 407 3039 ι),
426 2951 492 3028 10),
530 2949 613 3013 Muff
643 2950 774 3026 (Jahrb.
806 2954 901 3027 1883,
928 2968 958 3026 p.
982 2955 1021 3013 81
1045 2949 1119 3028 sq),
1151 2948 1204 3026 qui
1235 2949 1328 3013 chori

155 3055 390 3119 exclamationi
417 3052 543 3116 allator
567 3064 631 3119 cet.
650 3057 746 3119 unlus
765 3056 945 3136 coryphaei
968 3055 1168 3120 antecedere
1186 3064 1327 3135 cantum,

155 3171 189 3226 et
213 3163 323 3226 Hense
347 3159 441 3245 (edit.
467 3164 575 3226 altera
592 3161 925 3243 Schneidewiniana),
951 3164 1005 3241 qni
1031 3171 1159 3240 partem
1184 3163 1328 3240 aliquam

155 3269 261 3349 chori,
286 3288 370 3347 quae
394 3278 505 3334 tamen
530 3277 654 3348 <planta
678 3271 852 3348 qualisque
877 3269 980 3333 fuerit
997 3269 1062 3334 dici
1081 3277 1234 3348 nequeat,
1251 3278 1328 3335 ante

155 3393 225 3439 eam
259 3376 420 3440 cecinisse
450 3376 531 3441 vult.
587 3379 697 3454 Atque
725 3377 1034 3440 commemoratione
1067 3377 1168 3456 digna
1197 3376 1329 3442 videtur

155 3501 256 3547 causa
291 3503 387 3561 qnam
423 3485 546 3561 promit
583 3483 681 3548 Grai:
730 3484 789 3564 „In
828 3487 1072 3562 Agamemnone
1107 3485 1328 3565 coryphaeum
1402 3535 1406 3541 .

154 3598 327 3668 postquam
359 3596 401 3654 64
430 3609 546 3655 versus
579 3592 811 3669 anapaesticos
845 3591 1015 3672 recitarit,
1042 3592 1198 3655 continno
1223 3599 1328 3655 totum

155 3704 301 3776 systema
325 3698 431 3761 solum
457 3705 594 3761 cantare
619 3716 754 3761 necesse
780 3707 832 3761 est
855 3706 993 3778 statuat,
1024 3698 1079 3775 qui
1112 3717 1185 3761 cum
1211 3698 1329 3761 Weck-

156 3803 257 3867 leinio
283 3804 375 3868 l'acit
415 3806 525 3882 Atque
550 3805 693 3884 omnino,
719 3806 773 3883 qui
800 3806 903 3869 verba
928 3805 1059 3882 premit,
1085 3822 1123 3867 eo
1141 3803 1327 3883 adducitur,

156 3918 192 3974 ut
221 3911 356 3975 chorum
392 3913 589 3976 oscitantem
628 3913 822 3990 plerumque
857 3919 890 3975 et
922 3911 1021 3989 pedes
1052 3929 1232 3989 manusque
1262 3931 1327 3975 mo-

156 4026 301 4096 ventem,
341 4019 513 4082 rarissimo
547 4027 656 4083 autem
694 4018 834 4096 paucula
868 4026 1039 4081 canentem
1069 4019 1101 4081 in
1135 4018 1329 4097 tragoedias

156 4132 304 4189 veterum
336 4125 503 4189 inducat.“
553 4129 662 4204 Atque
691 4126 724 4189 id
758 4125 887 4204 quidem
922 4124 1075 4202 concedo,
1101 4125 1186 4203 ‹quod
1212 4133 1329 4203 postea

156 4233 302 4311 exponit,
332 4251 395 4295 non
428 4251 564 4297 necesse
601 4251 674 4297 esse
703 4234 904 4310 imperativo
935 4228 1012 4293 sini
1038 4232 1231 4312 quidquam,
1264 4253 1328 4312 quo
