3112 4890
687 307 703 311 ,,
763 263 801 333 3137
852 299 893 312 --t
944 310 947 314 .

730 465 819 547 Syst.
843 465 891 530 IV
916 465 992 543 (Ol.)

570 574 648 641 Ant.
674 592 692 651 γ

623 681 790 761 Antisyst.
815 680 868 745 III
962 698 965 704 ·

678 790 756 853 Ant.
782 786 802 848 d
932 750 1016 828 Eph·

731 912 898 992 Antisyst.
923 911 970 976 IV
996 908 1076 994 (dl.)

676 996 1102 1015 ψ

570 1037 677 1104 Stre

624 1147 768 1229 Syst.V

636 1430 642 1441 ,
730 1362 818 1443 Syst.
845 1361 892 1426 VI
917 1362 987 1440 (Ol.)

569 1473 647 1534 Ant.
673 1487 688 1530 ε

732 1577 897 1657 Antisyst.
923 1575 971 1640 VI
994 1571 1072 1659 (cl.)

302 1699 340 1763 In
365 1701 474 1766 altera
499 1710 594 1780 parte
619 1702 839 1784 autisystema
855 1701 908 1766 III
932 1709 966 1766 et
991 1702 1204 1779 antistropha
1228 1700 1247 1762 d
1268 1701 1371 1766 verbo

196 1814 293 1870 tenus
333 1826 404 1871 cum
440 1817 623 1889 systemate
648 1808 701 1874 ΙΙΙ
737 1815 771 1874 et
800 1809 984 1887 stropbad
1015 1816 1214 1889 congruunt,
1240 1827 1312 1872 cnm
1337 1809 1371 1872 in

196 1915 303 1992 prima
331 1922 389 1979 ant
421 1915 523 1980 tertia
554 1916 648 1980 nulla
680 1917 931 1996 ephymniorum
965 1916 1113 1993 vestigia
1146 1916 1370 1980 inveniantur.

194 2021 308 2085 Nihilo
327 2023 437 2086 secius
462 2023 507 2087 ibi
527 2041 656 2102 quoque
674 2023 714 2089 G.
729 2023 763 2090 C.
776 2024 828 2090 W.
842 2022 1035 2102 Schneider,
1053 2021 1238 2104 Kirchhoff,
1251 2023 1371 2087 Weck-

195 2130 273 2210 lein,
290 2131 350 2194 alii
366 2130 558 2208 repetendis
575 2130 786 2212 systematei
803 2149 875 2195 cum
892 2137 988 2209 parte
1000 2131 1023 2209 β
1036 2137 1114 2207 post
1127 2129 1370 2208 antistropham

194 2256 225 2318 u,
250 2244 284 2301 et
307 2239 533 2317 systemateV
557 2257 629 2303 cum
655 2239 779 2317 parcet
802 2245 880 2318 post
903 2238 1176 2314 antistrophame
1194 2236 1372 2316 ephymnia

194 2362 266 2406 esse
302 2345 513 2409 restituenda
548 2354 759 2411 censuerunt.
819 2344 913 2426 Quod
948 2353 984 2410 ut
1020 2343 1171 2409 facerent
1206 2363 1264 2409 eos
1304 2363 1369 2407 non

194 2450 276 2515 vitio
310 2470 454 2516 conexus
486 2455 727 2518 sententiarum
752 2471 826 2517 esse
851 2452 1012 2517 adductos
1043 2453 1132 2516 inter
1157 2469 1270 2516 omnes
1294 2470 1369 2515 con·

194 2565 280 2635 stat3
306 2558 363 2622 sed
388 2558 527 2624 formam
545 2562 593 2632 ita
610 2561 674 2626 sibi
692 2561 880 2625 correxisse
897 2559 1098 2626 videbantur
1115 2566 1149 2623 et
1166 2566 1368 2624 structuram

194 2666 319 2741 primae
344 2667 532 2745 tertiaeque
557 2669 700 2745 partium
727 2667 827 2732 alteri
851 2685 964 2746 parem
990 2668 1189 2746 praebentes
1211 2673 1245 2730 et
1261 2674 1368 2747 syste-

193 2774 272 2836 mati
297 2773 313 2836 J
337 2775 493 2854 partique
517 2776 540 2854 β
568 2782 668 2854 atque
700 2776 922 2856 systematiV
956 2775 1148 2854 partique(
1178 2774 1368 2838 tribuentes

192 2898 274 2957 cquae
308 2882 358 2946 eis
393 2882 651 2962 responderent;
688 2901 771 2962 quae
805 2883 838 2947 in
875 2883 973 2947 libris
1009 2881 1246 2959 manuscriptis
1272 2889 1368 2946 extra

192 2990 442 3065 responsionem
467 2989 626 3055 videntur
649 3008 722 3055 esse
746 2991 868 3069 posita.

299 3097 347 3158 Ac
360 3096 530 3160 videamus
543 3116 619 3162 num
634 3097 711 3176 quid
725 3116 743 3162 e
756 3115 865 3178 sensu,
882 3097 968 3176 qnod
982 3097 1023 3161 ad
1036 3097 1120 3160 banc
1139 3097 1364 3175 quaestionem

192 3201 345 3282 attineat,
377 3205 510 3281 assequi
542 3205 719 3280 possimus.
767 3203 880 3269 Sermo
915 3211 977 3284 est,
1004 3212 1040 3268 ut
1069 3203 1227 3269 Abrensii
1253 3203 1366 3268 verbis

192 3315 278 3384 utar,
304 3309 337 3371 in
355 3310 461 3386 prima
477 3319 573 3388 parte
591 3311 631 3375 de
648 3312 797 3390 antiquis
815 3311 1094 3390 Agamemnoniae
1112 3309 1225 3375 caedis
1242 3310 1365 3391 caesia,

191 3414 223 3478 iu
249 3416 358 3479 altera
383 3416 422 3480 de
447 3418 520 3496 ipsa
544 3420 676 3483 ratione
701 3418 824 3499 caedis,
850 3419 883 3482 in
908 3419 1013 3483 tertia
1037 3418 1077 3482 de
1101 3417 1154 3498 iia,
1180 3435 1264 3496 qnae
1287 3417 1364 3481 inde

189 3523 257 3587 siut
281 3524 421 3588 oritura.
469 3525 593 3590 Ordior
616 3527 657 3590 ab
681 3527 807 3610 altera;
832 3527 865 3590 in
891 3545 954 3604 qua
979 3526 1190 3607 ephymnium
1220 3525 1362 3602 positum

190 3636 241 3693 est
265 3639 299 3694 et
316 3630 356 3694 ad
373 3649 503 3695 sensum
522 3632 614 3697 etad
631 3650 723 3697 suam
740 3634 910 3712 propriam
927 3633 993 3699 vim
1011 3630 1362 3697 accommodatissime.

189 3736 268 3800 Nam
305 3737 409 3801 totius
446 3725 602 3802 carminis
638 3741 732 3816 quasi
769 3759 903 3819 summa,
939 3739 1011 3820 ipse
1047 3739 1087 3802 de
1122 3747 1252 3803 mortuo
1282 3754 1362 3814 rege

189 3844 281 3907 chuni
319 3845 473 3922 planctus
509 3845 705 3909 coniunctus
742 3865 814 3909 cum
851 3846 1115 3927 Clytaemestrae
1151 3844 1361 3909 incusatione

188 3950 270 4026 ipsis
295 3951 502 4031 potissimum
527 3952 640 4017 verbis
664 3952 866 4032 enphpmnii
892 3952 1089 4033 exprimitur

400 4070 438 4136 ἰώ
461 4068 499 4137 ἰώ
521 4075 655 4156 βασιλεῦ
677 4075 820 4157 βασιλεῦ,

401 4184 471 4252 πῶς
494 4200 529 4244 σε
553 4180 713 4267 despectu,
