3112 4890
667 269 707 275 -
759 233 796 295 19

185 427 295 491 tribus
320 427 503 491 maioribus
528 427 680 504 partibus
705 434 847 506 constat,
869 445 1005 505 qrrarnm
1026 428 1132 505 prima
1149 429 1364 505 anapaestico

187 541 370 614 systemata
394 535 554 613 continet,
578 534 683 598 tertia
699 534 843 612 utrinque
861 535 1071 611 stropharum
1095 535 1200 613 paria,
1224 537 1364 599 maxime

186 640 377 704 trochaicae
414 648 448 705 et
482 641 644 705 iambicae
678 640 818 719 formae,
855 640 999 704 secunda
1032 650 1141 706 autom
1173 643 1364 722 estropha,

188 748 407 828 antistropha,
433 747 537 828 epodo
564 748 764 829 composita,
800 748 979 827 praecipue
1017 748 1219 828 dactylicum
1244 750 1363 828 rhyth-

188 872 274 918 mum
313 872 452 919 servans
490 855 545 920 vel
585 854 787 941 eonceteris
827 854 1016 934 antecellit,
1042 854 1129 934 quod
1154 855 1365 934 antistropha
1458 860 1468 867 ‘

189 969 223 1026 et
258 960 383 1038 epodus
418 961 570 1025 ultimum
606 963 764 1040 strophae
793 979 926 1027 versum
962 969 1129 1041 repetunt.
1200 963 1365 1027 Narratur

188 1086 227 1132 ea
266 1075 455 1146 portentum
495 1068 589 1149 illud,
630 1067 716 1147 quod
756 1069 921 1134 exercitui
958 1068 998 1132 ad
1036 1070 1158 1133 bellurn
1209 1069 1359 1147 proficis-

188 1175 277 1240 centi
323 1175 508 1254 acciderat;
553 1175 634 1239 duas
678 1176 764 1238 enin]
811 1176 941 1254 aquilas
986 1183 1124 1253 repente
1170 1196 1189 1240 a
1225 1176 1364 1240 dextera

188 1282 277 1348 visas
302 1282 475 1361 gravidam
500 1282 646 1361 leporem
672 1283 933 1366 memoravisse,
958 1283 1175 1360 praenuntias
1205 1282 1363 1346 delendae

188 1388 317 1468 quidem
335 1390 467 1470 Troiae,
493 1389 550 1453 sed
574 1390 675 1453 etiam
701 1389 947 1453 ‹eontrahondae
964 1390 1035 1453 irae
1050 1389 1188 1453 Dianae.
1218 1389 1363 1469 Ephym-

188 1497 277 1560 nium
304 1504 356 1560 est
379 1498 457 1560 hoc:

406 1599 534 1665 αἴλινον
558 1599 686 1665 αἴλινον
710 1597 795 1684 εἰπέ,
820 1584 856 1663 ιι)
882 1585 951 1664 dei
974 1597 1105 1667 νικάτω.

164 1701 268 1775 ¹Cum
298 1711 491 1775 narratione
522 1710 670 1789 prodigii
701 1711 774 1787 ipsa
803 1710 934 1773 omnino
968 1729 1032 1773 non
1063 1711 1231 1790 cohaeret,
1261 1719 1295 1775 et
1321 1709 1362 1774 ad

190 1818 359 1896 stropham
374 1825 474 1895 atque
488 1818 731 1895 antistropham
747 1817 841 1895 quasi
856 1817 1011 1881 allenium
1027 1816 1150 1895 aliquid
1166 1817 1312 1894 accedit,
1330 1826 1366 1880 at

189 1923 246 1988 fini
271 1923 378 2004 epodi,
405 1931 481 2002 post
503 1942 621 1990 versus
647 1924 686 1988 ad
711 1932 816 1988 totam
833 1942 901 1987 reni
925 1931 1113 1987 enarratam
1130 1924 1363 2003 respicientes,

190 2039 256 2096 tam
293 2031 384 2094 firme
420 2030 609 2096 adiunctum
645 2039 706 2111 est,
743 2038 780 2094 ut
815 2049 886 2094 cum
923 2030 1141 2096 antecedente
1175 2049 1275 2096 versu
1298 2036 1366 2099 τοῖς

189 2131 398 2218 δ’ὁμόφωννν
423 2157 519 2202 unam
537 2137 669 2231 ,efficiat
694 2138 965 2202 enuntiationem.
1002 2138 1114 2201 Nihilo
1137 2138 1244 2202 minus
1266 2138 1364 2201 etiam

191 2247 296 2323 primo
333 2246 406 2309 loco
446 2245 656 2324 secundoque
693 2246 865 2323 aptissime
901 2245 1046 2322 positum
1082 2253 1148 2309 est:
1190 2245 1239 2309 eis
1280 2244 1363 2309 eninr

191 2352 355 2416 orationis
394 2353 587 2417 intervallis
625 2360 696 2417 tres
735 2361 860 2432 partes,
901 2352 935 2414 in
976 2369 1056 2430 quas
1087 2359 1203 2429 aperte
1234 2370 1365 2416 carmon

191 2459 401 2525 dividendum
449 2467 516 2540 est,
552 2459 768 2524 dirimuntur:
809 2458 917 2537 ipsum
951 2466 1143 2536 portentum
1187 2456 1365 2542 (stropha),

192 2567 385 2632 Calchantis
414 2567 653 2645 interpretatio
689 2563 939 2650 (antistropha),
982 2566 1173 2631 Calchantis
1213 2566 1365 2643 precatio

193 2670 344 2756 (epodus)
356 2671 390 2755 1).
438 2675 612 2752 Propriam
637 2682 747 2738 autem
784 2673 952 2754 ephymnii
987 2673 1065 2754 vim,
1101 2692 1184 2752 quae
1217 2674 1367 2751 postulat

193 2789 230 2846 ut
254 2780 284 2845 ei
309 2779 417 2845 subsit
449 2781 549 2844 animi
584 2789 692 2845 status
728 2781 833 2845 totius
870 2779 1024 2844 carminis
1060 2799 1185 2844 summa
1218 2780 1366 2861 effectus,

194 2887 248 2952 hic
283 2887 406 2965 optime
443 2894 610 2953 servatam
640 2887 800 2952 videmus.
848 2887 893 2952 Ut
922 2886 1004 2950 enim
1031 2887 1221 2966 prodigium
1245 2889 1367 2965 partim

192 2995 316 3058 laetum
352 3002 404 3059 est
439 2991 586 3076 (aquilae
621 3014 640 3057 a
675 2993 815 3060 dextera
850 2991 1076 3076 apparentes),
1111 2995 1235 3072 partim
1268 2994 1367 3059 triste

194 3098 304 3182 (lepus
328 3119 516 3180 praegnans
541 3099 762 3184 exenterata),
787 3111 887 3181 atque
912 3101 986 3165 ideo
1005 3102 1146 3166 Calchas
1164 3101 1367 3167 vaticinatur

194 3207 359 3272 excidium
396 3207 528 3289 quidem
562 3209 695 3289 Troiae,
729 3208 787 3272 sod
822 3216 899 3272 ante
931 3208 964 3272 id
988 3227 1043 3273 res
1068 3208 1227 3275 adversas
1252 3227 1292 3272 ex
1316 3208 1368 3272 ira

195 3315 322 3379 Dianae
363 3322 610 3394 consecuturas,
650 3323 750 3394 atque
791 3323 957 3396 precatur,
998 3323 1034 3379 ut
1073 3316 1227 3381 vaticinii
1258 3314 1368 3378 fausta

194 3423 360 3500 eveniant,
386 3421 532 3486 infausta
556 3430 744 3503 arceantur,
769 3422 817 3486 ita
841 3420 1016 3502 ephymnio
1041 3421 1139 3485 simul
1162 3439 1266 3499 pavor
1290 3421 1367 3484 mali

195 3537 335 3594 eventus
360 3546 503 3607 spesque
527 3530 599 3595 sive
624 3536 738 3594 votum
762 3530 840 3592 boni
866 3529 1107 3606 exprimuntur.

302 3636 422 3700 Iamsi
449 3637 638 3714 quaerimus
663 3655 728 3715 qua
752 3637 844 3699 chori
874 3635 1113 3700 distributione
1142 3636 1204 3698 hoc
1236 3653 1368 3699 carmen

195 3743 242 3807 sit
258 3751 437 3823 cantatum,
455 3752 609 3808 constare
623 3741 755 3808 videtur
771 3741 910 3820 primum
929 3741 1076 3806 eiusdem
1093 3743 1161 3817 (vel
1176 3738 1366 3823 eorundem)

197 3867 269 3913 esse
295 3852 477 3932 stropham,
502 3851 756 3930 antistropham,
774 3849 928 3928 epodum3
951 3869 1025 3913 nam
1043 3857 1162 3927 coepta
1176 3849 1368 3914 Calchantis

196 3958 230 4020 in
255 3958 466 4034 antistropha
491 3958 597 4021 oratio
622 3959 656 4021 in
681 3957 786 4035 epodo
811 3957 925 4020 finitur
949 3974 1054 4034 neque
1071 3955 1263 4019 distributis
1280 3957 1369 4019 inter

304 4129 331 4202 1)
352 4131 422 4187 Cum
442 4135 483 4188 eie
504 4134 578 4188 enim
599 4133 683 4200 facio,
704 4134 751 4202 qui
771 4151 797 4188 v.
818 4133 870 4187 150
889 4132 963 4186 αἰτεῖ
979 4139 1011 4186 ut
1024 4134 1167 4202 glossema
1181 4129 1240 4202 (vel
1254 4152 1369 4207 παρεπι-

197 4215 330 4296 γραφήνῖ
349 4223 524 4292 Wecklein),
545 4247 578 4266 =
599 4227 739 4292 precatur,
760 4223 868 4277 delent.
