<?xml version="1.0" encoding="UTF-8"?>
<!DOCTYPE html PUBLIC "-//W3C//DTD XHTML 1.0 Transitional//EN"
    "http://www.w3.org/TR/xhtml1/DTD/xhtml1-transitional.dtd">
<html xmlns="http://www.w3.org/1999/xhtml" xml:lang="en" lang="en">
 <head>
  <title>
</title>
<meta http-equiv="Content-Type" content="text/html;charset=utf-8" />
  <meta name='ocr-system' content='tesseract 3.04.00' />
  <meta name='ocr-capabilities' content='ocr_page ocr_carea ocr_par ocr_line ocrx_word'/>
</head>
<body>
  <div class='ocr_page' id='page_1' title='image "./deephymniorumap00schwgoog_0055.png"; bbox 0 0 3112 4890; ppageno 0'>
   <div class='ocr_carea' id='block_1_1' title="bbox 777 242 818 301">
    <p class='ocr_par' dir='ltr' id='par_1_1' title="bbox 688 242 905 301">
     <span class='ocr_line' id='line_1_1' title="bbox 777 242 818 301; baseline -0.009 -1.82"><span class='ocrx_word' id='word_1_1' title='bbox 777 242 818 301; x_wconf 76' lang='lat' dir='ltr'>ho</span> 
     </span>
    </p>
   </div>
   <div class='ocr_carea' id='block_1_2' title="bbox 211 434 1389 839">
    <p class='ocr_par' dir='ltr' id='par_1_2' title="bbox 211 434 1389 839">
     <span class='ocr_line' id='line_1_2' title="bbox 211 434 1389 514; baseline 0.003 -17"><span class='ocrx_word' id='word_1_2' title='bbox 211 451 359 513; x_wconf 89' lang='lat' dir='ltr'>pressum</span> <span class='ocrx_word' id='word_1_3' title='bbox 397 436 453 500; x_wconf 89' lang='lat' dir='ltr'>sit.</span> <span class='ocrx_word' id='word_1_4' title='bbox 500 434 564 500; x_wconf 76' lang='lat' dir='ltr'>Sed</span> <span class='ocrx_word' id='word_1_5' title='bbox 601 436 739 513; x_wconf 90' lang='lat' dir='ltr'>primum</span> <span class='ocrx_word' id='word_1_6' title='bbox 776 437 810 500; x_wconf 93' lang='lat' dir='ltr'>in</span> <span class='ocrx_word' id='word_1_7' title='bbox 846 436 1100 514; x_wconf 79' lang='lat' dir='ltr'>antistrophar</span> <span class='ocrx_word' id='word_1_8' title='bbox 1134 434 1248 501; x_wconf 86' lang='lat' dir='ltr'>lutura</span> <span class='ocrx_word' id='word_1_9' title='bbox 1280 434 1389 501; x_wconf 88' lang='lat' dir='ltr'>forma</span> 
     </span>
     <span class='ocr_line' id='line_1_3' title="bbox 211 542 1388 624; baseline 0.006 -24"><span class='ocrx_word' id='word_1_10' title='bbox 211 547 385 620; x_wconf 70' lang='lat' dir='ltr'>conatast</span> <span class='ocrx_word' id='word_1_11' title='bbox 410 542 520 624; x_wconf 87' lang='lat' dir='ltr'>(quam</span> <span class='ocrx_word' id='word_1_12' title='bbox 545 543 769 609; x_wconf 85' lang='lat' dir='ltr'>Wilamowita</span> <span class='ocrx_word' id='word_1_13' title='bbox 787 544 820 607; x_wconf 93' lang='lat' dir='ltr'>in</span> <span class='ocrx_word' id='word_1_14' title='bbox 838 544 998 609; x_wconf 88' lang='lat' dir='ltr'>aoristum</span> <span class='ocrx_word' id='word_1_15' title='bbox 1025 546 1154 624; x_wconf 85' lang='lat' dir='ltr'>mutat),</span> <span class='ocrx_word' id='word_1_16' title='bbox 1180 562 1264 622; x_wconf 85' lang='lat' dir='ltr'>quae</span> <span class='ocrx_word' id='word_1_17' title='bbox 1287 562 1388 622; x_wconf 90' lang='lat' dir='ltr'>quan-</span> 
     </span>
     <span class='ocr_line' id='line_1_4' title="bbox 211 648 1388 732; baseline 0.003 -20"><span class='ocrx_word' id='word_1_18' title='bbox 211 667 306 726; x_wconf 83' lang='lat' dir='ltr'>quam</span> <span class='ocrx_word' id='word_1_19' title='bbox 343 649 516 727; x_wconf 89' lang='lat' dir='ltr'>permultis</span> <span class='ocrx_word' id='word_1_20' title='bbox 551 648 644 715; x_wconf 89' lang='lat' dir='ltr'>vitiis</span> <span class='ocrx_word' id='word_1_21' title='bbox 680 649 774 714; x_wconf 91' lang='lat' dir='ltr'>locus</span> <span class='ocrx_word' id='word_1_22' title='bbox 810 650 951 730; x_wconf 90' lang='lat' dir='ltr'>laborat,</span> <span class='ocrx_word' id='word_1_23' title='bbox 980 658 1120 732; x_wconf 87' lang='lat' dir='ltr'>tempus,</span> <span class='ocrx_word' id='word_1_24' title='bbox 1146 650 1232 729; x_wconf 93' lang='lat' dir='ltr'>quod</span> <span class='ocrx_word' id='word_1_25' title='bbox 1257 660 1388 728; x_wconf 90' lang='lat' dir='ltr'>spectat</span> 
     </span>
     <span class='ocr_line' id='line_1_5' title="bbox 211 752 1386 839; baseline 0.002 -20"><span class='ocrx_word' id='word_1_26' title='bbox 211 756 332 820; x_wconf 89' lang='lat' dir='ltr'>chorus</span> <span class='ocrx_word' id='word_1_27' title='bbox 367 757 472 821; x_wconf 89' lang='lat' dir='ltr'>tertia</span> <span class='ocrx_word' id='word_1_28' title='bbox 507 752 716 839; x_wconf 57' lang='lat' dir='ltr'>stropham),</span> <span class='ocrx_word' id='word_1_29' title='bbox 753 757 945 836; x_wconf 87' lang='lat' dir='ltr'>significare</span> <span class='ocrx_word' id='word_1_30' title='bbox 980 759 1100 837; x_wconf 89' lang='lat' dir='ltr'>potuit.</span> <span class='ocrx_word' id='word_1_31' title='bbox 1149 757 1277 822; x_wconf 87' lang='lat' dir='ltr'>Deinde</span> <span class='ocrx_word' id='word_1_32' title='bbox 1315 777 1386 821; x_wconf 89' lang='lat' dir='ltr'>cum</span> 
     </span>
    </p>
   </div>
   <div class='ocr_carea' id='block_1_3' title="bbox 211 862 1488 953">
    <p class='ocr_par' dir='ltr' id='par_1_3' title="bbox 211 862 1488 953">
     <span class='ocr_line' id='line_1_6' title="bbox 211 862 1488 953; baseline 0.002 -27"><span class='ocrx_word' id='word_1_33' title='bbox 211 862 316 927; x_wconf 92' lang='lat' dir='ltr'>adhuc</span> <span class='ocrx_word' id='word_1_34' title='bbox 352 870 425 927; x_wconf 88' lang='lat' dir='ltr'>toto</span> <span class='ocrx_word' id='word_1_35' title='bbox 462 865 607 927; x_wconf 82' lang='lat' dir='ltr'>carmine</span> <span class='ocrx_word' id='word_1_36' title='bbox 644 862 696 927; x_wconf 91' lang='lat' dir='ltr'>dei</span> <span class='ocrx_word' id='word_1_37' title='bbox 734 865 803 929; x_wconf 91' lang='lat' dir='ltr'>sint</span> <span class='ocrx_word' id='word_1_38' title='bbox 839 866 1002 944; x_wconf 85' lang='lat' dir='ltr'>invocati,</span> <span class='ocrx_word' id='word_1_39' title='bbox 1028 873 1066 929; x_wconf 90' lang='lat' dir='ltr'>ut</span> <span class='ocrx_word' id='word_1_40' title='bbox 1090 864 1241 929; x_wconf 83' lang='lat' dir='ltr'>Orestem</span> <span class='ocrx_word' id='word_1_41' title='bbox 1267 865 1301 928; x_wconf 94' lang='lat' dir='ltr'>in</span> <span class='ocrx_word' id='word_1_42' title='bbox 1325 865 1386 943; x_wconf 90' lang='lat' dir='ltr'>eis,</span> <span class='ocrx_word' id='word_1_43' title='bbox 1485 946 1488 953; x_wconf 16' lang='grc' dir='ltr'><strong>Α</strong></span> 
     </span>
    </p>
   </div>
   <div class='ocr_carea' id='block_1_4' title="bbox 183 971 1386 3637">
    <p class='ocr_par' dir='ltr' id='par_1_4' title="bbox 183 971 1386 3190">
     <span class='ocr_line' id='line_1_7' title="bbox 211 971 1386 1053; baseline 0.002 -20"><span class='ocrx_word' id='word_1_44' title='bbox 211 988 294 1049; x_wconf 89' lang='lat' dir='ltr'>quae</span> <span class='ocrx_word' id='word_1_45' title='bbox 334 972 368 1034; x_wconf 92' lang='lat' dir='ltr'>in</span> <span class='ocrx_word' id='word_1_46' title='bbox 407 971 514 1034; x_wconf 90' lang='lat' dir='ltr'>auimo</span> <span class='ocrx_word' id='word_1_47' title='bbox 553 971 703 1052; x_wconf 87' lang='lat' dir='ltr'>haberet,</span> <span class='ocrx_word' id='word_1_48' title='bbox 743 971 952 1052; x_wconf 86' lang='lat' dir='ltr'>adiuvarent,</span> <span class='ocrx_word' id='word_1_49' title='bbox 989 990 1082 1035; x_wconf 91' lang='lat' dir='ltr'>nemo</span> <span class='ocrx_word' id='word_1_50' title='bbox 1114 991 1178 1036; x_wconf 94' lang='lat' dir='ltr'>non</span> <span class='ocrx_word' id='word_1_51' title='bbox 1211 978 1332 1053; x_wconf 87' lang='lat' dir='ltr'>potest,</span> <span class='ocrx_word' id='word_1_52' title='bbox 1357 972 1386 1035; x_wconf 90' lang='lat' dir='ltr'>si</span> 
     </span>
     <span class='ocr_line' id='line_1_8' title="bbox 210 1078 1386 1157; baseline 0 -15"><span class='ocrx_word' id='word_1_53' title='bbox 210 1079 365 1157; x_wconf 80' lang='lat' dir='ltr'>pergitur</span> <span class='ocrx_word' id='word_1_54' title='bbox 404 1085 460 1157; x_wconf 74' lang='lat' dir='ltr'>„et</span> <span class='ocrx_word' id='word_1_55' title='bbox 498 1087 578 1143; x_wconf 90' lang='lat' dir='ltr'>tunc</span> <span class='ocrx_word' id='word_1_56' title='bbox 618 1079 765 1142; x_wconf 88' lang='lat' dir='ltr'>carmina</span> <span class='ocrx_word' id='word_1_57' title='bbox 804 1078 1032 1143; x_wconf 89' lang='lat' dir='ltr'>cantabimus“</span> <span class='ocrx_word' id='word_1_58' title='bbox 1077 1079 1116 1143; x_wconf 90' lang='lat' dir='ltr'>de</span> <span class='ocrx_word' id='word_1_59' title='bbox 1156 1097 1196 1142; x_wconf 96' lang='lat' dir='ltr'>eo</span> <span class='ocrx_word' id='word_1_60' title='bbox 1235 1087 1386 1157; x_wconf 86' lang='lat' dir='ltr'>tempore</span> 
     </span>
     <span class='ocr_line' id='line_1_9' title="bbox 210 1185 1386 1265; baseline 0.002 -17"><span class='ocrx_word' id='word_1_61' title='bbox 210 1186 362 1265; x_wconf 86' lang='lat' dir='ltr'>cogitare</span> <span class='ocrx_word' id='word_1_62' title='bbox 398 1204 462 1264; x_wconf 89' lang='lat' dir='ltr'>quo</span> <span class='ocrx_word' id='word_1_63' title='bbox 500 1185 638 1250; x_wconf 83' lang='lat' dir='ltr'>Orestes</span> <span class='ocrx_word' id='word_1_64' title='bbox 692 1186 897 1263; x_wconf 87' lang='lat' dir='ltr'>propositum</span> <span class='ocrx_word' id='word_1_65' title='bbox 946 1186 1187 1251; x_wconf 82' lang='lat' dir='ltr'>auxiliantibus</span> <span class='ocrx_word' id='word_1_66' title='bbox 1223 1185 1295 1250; x_wconf 89' lang='lat' dir='ltr'>deis</span> <span class='ocrx_word' id='word_1_67' title='bbox 1331 1204 1386 1250; x_wconf 82' lang='lat' dir='ltr'>ex·</span> 
     </span>
     <span class='ocr_line' id='line_1_10' title="bbox 183 1287 1385 1376; baseline -0.001 -20"><span class='ocrx_word' id='word_1_68' title='bbox 183 1301 344 1357; x_wconf 86' lang='lat' dir='ltr'>¹secutus</span> <span class='ocrx_word' id='word_1_69' title='bbox 369 1294 444 1359; x_wconf 91' lang='lat' dir='ltr'>erit.</span> <span class='ocrx_word' id='word_1_70' title='bbox 491 1293 528 1356; x_wconf 92' lang='lat' dir='ltr'>In</span> <span class='ocrx_word' id='word_1_71' title='bbox 566 1293 678 1357; x_wconf 88' lang='lat' dir='ltr'>verbis</span> <span class='ocrx_word' id='word_1_72' title='bbox 713 1294 821 1372; x_wconf 91' lang='lat' dir='ltr'>igitur</span> <span class='ocrx_word' id='word_1_73' title='bbox 852 1287 929 1354; x_wconf 77' lang='grc' dir='ltr'>τότε</span> <span class='ocrx_word' id='word_1_74' title='bbox 952 1287 1021 1376; x_wconf 74' lang='grc' dir='ltr'>ἤδη,</span> <span class='ocrx_word' id='word_1_75' title='bbox 1053 1312 1119 1357; x_wconf 95' lang='lat' dir='ltr'>non</span> <span class='ocrx_word' id='word_1_76' title='bbox 1143 1293 1296 1358; x_wconf 84' lang='lat' dir='ltr'>haerebit</span> <span class='ocrx_word' id='word_1_77' title='bbox 1321 1293 1385 1356; x_wconf 90' lang='lat' dir='ltr'>nisi</span> 
     </span>
     <span class='ocr_line' id='line_1_11' title="bbox 210 1400 1385 1480; baseline 0.001 -18"><span class='ocrx_word' id='word_1_78' title='bbox 210 1401 265 1479; x_wconf 87' lang='lat' dir='ltr'>qui</span> <span class='ocrx_word' id='word_1_79' title='bbox 292 1418 362 1463; x_wconf 90' lang='lat' dir='ltr'>oum</span> <span class='ocrx_word' id='word_1_80' title='bbox 385 1400 640 1465; x_wconf 86' lang='lat' dir='ltr'>Wilamowitzio</span> <span class='ocrx_word' id='word_1_81' title='bbox 658 1401 830 1464; x_wconf 86' lang='lat' dir='ltr'>existimat</span> <span class='ocrx_word' id='word_1_82' title='bbox 846 1400 986 1463; x_wconf 89' lang='lat' dir='ltr'>ancillas</span> <span class='ocrx_word' id='word_1_83' title='bbox 1003 1401 1065 1465; x_wconf 90' lang='lat' dir='ltr'>hac</span> <span class='ocrx_word' id='word_1_84' title='bbox 1082 1401 1219 1480; x_wconf 89' lang='lat' dir='ltr'>stropha</span> <span class='ocrx_word' id='word_1_85' title='bbox 1235 1417 1385 1480; x_wconf 90' lang='lat' dir='ltr'>narrare,</span> 
     </span>
     <span class='ocr_line' id='line_1_12' title="bbox 210 1506 1383 1588; baseline 0.002 -18"><span class='ocrx_word' id='word_1_86' title='bbox 210 1506 371 1584; x_wconf 85' lang='lat' dir='ltr'>quomodo</span> <span class='ocrx_word' id='word_1_87' title='bbox 408 1507 500 1585; x_wconf 82' lang='lat' dir='ltr'>ipsae</span> <span class='ocrx_word' id='word_1_88' title='bbox 537 1509 689 1571; x_wconf 86' lang='lat' dir='ltr'>Orestem</span> <span class='ocrx_word' id='word_1_89' title='bbox 726 1507 859 1571; x_wconf 89' lang='lat' dir='ltr'>caedem</span> <span class='ocrx_word' id='word_1_90' title='bbox 893 1515 1079 1585; x_wconf 89' lang='lat' dir='ltr'>patrantem</span> <span class='ocrx_word' id='word_1_91' title='bbox 1107 1509 1282 1573; x_wconf 86' lang='lat' dir='ltr'>iuvaturae</span> <span class='ocrx_word' id='word_1_92' title='bbox 1306 1507 1383 1588; x_wconf 88' lang='lat' dir='ltr'>sint,</span> 
     </span>
     <span class='ocr_line' id='line_1_13' title="bbox 209 1610 1386 1696; baseline 0 -18"><span class='ocrx_word' id='word_1_93' title='bbox 209 1622 244 1678; x_wconf 88' lang='lat' dir='ltr'>et</span> <span class='ocrx_word' id='word_1_94' title='bbox 268 1614 478 1679; x_wconf 85' lang='lat' dir='ltr'>clamitantes</span> <span class='ocrx_word' id='word_1_95' title='bbox 502 1613 555 1695; x_wconf 83' lang='lat' dir='ltr'>(ut</span> <span class='ocrx_word' id='word_1_96' title='bbox 578 1614 707 1692; x_wconf 90' lang='lat' dir='ltr'>pellant</span> <span class='ocrx_word' id='word_1_97' title='bbox 730 1614 1016 1689; x_wconf 79' lang='lat' dir='ltr'>terriculamenta)</span> <span class='ocrx_word' id='word_1_98' title='bbox 1042 1622 1076 1679; x_wconf 89' lang='lat' dir='ltr'>et</span> <span class='ocrx_word' id='word_1_99' title='bbox 1100 1616 1309 1679; x_wconf 90' lang='lat' dir='ltr'>incantantes</span> <span class='ocrx_word' id='word_1_100' title='bbox 1335 1610 1386 1696; x_wconf 84' lang='lat' dir='ltr'>(ut</span> 
     </span>
     <span class='ocr_line' id='line_1_14' title="bbox 208 1718 1382 1804; baseline 0.002 -20"><span class='ocrx_word' id='word_1_101' title='bbox 208 1723 339 1799; x_wconf 90' lang='lat' dir='ltr'>magica</span> <span class='ocrx_word' id='word_1_102' title='bbox 373 1722 406 1785; x_wconf 86' lang='lat' dir='ltr'>ui</span> <span class='ocrx_word' id='word_1_103' title='bbox 448 1721 568 1784; x_wconf 91' lang='lat' dir='ltr'>melius</span> <span class='ocrx_word' id='word_1_104' title='bbox 607 1739 661 1784; x_wconf 88' lang='lat' dir='ltr'>res</span> <span class='ocrx_word' id='word_1_105' title='bbox 697 1718 880 1804; x_wconf 85' lang='lat' dir='ltr'>procedat).</span> <span class='ocrx_word' id='word_1_106' title='bbox 937 1723 1028 1802; x_wconf 65' lang='lat' dir='ltr'>Quae</span> <span class='ocrx_word' id='word_1_107' title='bbox 1074 1722 1312 1798; x_wconf 83' lang='lat' dir='ltr'>interpretatio</span> <span class='ocrx_word' id='word_1_108' title='bbox 1353 1723 1382 1786; x_wconf 91' lang='lat' dir='ltr'>si</span> 
     </span>
     <span class='ocr_line' id='line_1_15' title="bbox 208 1822 1383 1909; baseline -0.003 -17"><span class='ocrx_word' id='word_1_109' title='bbox 208 1835 301 1892; x_wconf 88' lang='lat' dir='ltr'>recta</span> <span class='ocrx_word' id='word_1_110' title='bbox 336 1835 436 1909; x_wconf 90' lang='lat' dir='ltr'>esset,</span> <span class='ocrx_word' id='word_1_111' title='bbox 472 1846 550 1891; x_wconf 91' lang='lat' dir='ltr'>sane</span> <span class='ocrx_word' id='word_1_112' title='bbox 587 1827 845 1908; x_wconf 87' lang='lat' dir='ltr'>desideraretur,</span> <span class='ocrx_word' id='word_1_113' title='bbox 872 1846 935 1906; x_wconf 85' lang='lat' dir='ltr'>quo</span> <span class='ocrx_word' id='word_1_114' title='bbox 960 1827 1169 1892; x_wconf 89' lang='lat' dir='ltr'>referendum</span> <span class='ocrx_word' id='word_1_115' title='bbox 1195 1835 1285 1892; x_wconf 87' lang='lat' dir='ltr'>esset</span> <span class='ocrx_word' id='word_1_116' title='bbox 1307 1822 1383 1889; x_wconf 65' lang='grc' dir='ltr'>τότε</span> 
     </span>
     <span class='ocr_line' id='line_1_16' title="bbox 208 1929 1381 2018; baseline -0.001 -21"><span class='ocrx_word' id='word_1_117' title='bbox 208 1929 277 2018; x_wconf 79' lang='grc' dir='ltr'>ἤδη,</span> <span class='ocrx_word' id='word_1_118' title='bbox 315 1942 351 1999; x_wconf 88' lang='lat' dir='ltr'>ut</span> <span class='ocrx_word' id='word_1_119' title='bbox 385 1935 491 2013; x_wconf 90' lang='lat' dir='ltr'>ipsum</span> <span class='ocrx_word' id='word_1_120' title='bbox 527 1943 725 1999; x_wconf 91' lang='lat' dir='ltr'>momentum</span> <span class='ocrx_word' id='word_1_121' title='bbox 758 1934 869 1998; x_wconf 88' lang='lat' dir='ltr'>caedis</span> <span class='ocrx_word' id='word_1_122' title='bbox 894 1935 1079 2014; x_wconf 81' lang='lat' dir='ltr'>significari</span> <span class='ocrx_word' id='word_1_123' title='bbox 1110 1942 1381 2012; x_wconf 79' lang='lat' dir='ltr'>cognosceretur.</span> 
     </span>
     <span class='ocr_line' id='line_1_17' title="bbox 208 2040 1382 2122; baseline 0.001 -17"><span class='ocrx_word' id='word_1_124' title='bbox 208 2041 272 2106; x_wconf 79' lang='lat' dir='ltr'>Sed</span> <span class='ocrx_word' id='word_1_125' title='bbox 297 2043 374 2106; x_wconf 92' lang='lat' dir='ltr'>mihi</span> <span class='ocrx_word' id='word_1_126' title='bbox 400 2042 565 2106; x_wconf 88' lang='lat' dir='ltr'>arcessita</span> <span class='ocrx_word' id='word_1_127' title='bbox 588 2040 723 2107; x_wconf 90' lang='lat' dir='ltr'>videtur</span> <span class='ocrx_word' id='word_1_128' title='bbox 746 2060 852 2119; x_wconf 86' lang='lat' dir='ltr'>neque</span> <span class='ocrx_word' id='word_1_129' title='bbox 877 2042 1087 2122; x_wconf 73' lang='lat' dir='ltr'>verisimilia,</span> <span class='ocrx_word' id='word_1_130' title='bbox 1113 2061 1183 2106; x_wconf 89' lang='lat' dir='ltr'>cum</span> <span class='ocrx_word' id='word_1_131' title='bbox 1217 2061 1282 2106; x_wconf 95' lang='lat' dir='ltr'>non</span> <span class='ocrx_word' id='word_1_132' title='bbox 1315 2042 1382 2106; x_wconf 83' lang='lat' dir='ltr'>effi·</span> 
     </span>
     <span class='ocr_line' id='line_1_18' title="bbox 209 2149 1382 2229; baseline 0 -16"><span class='ocrx_word' id='word_1_133' title='bbox 209 2150 319 2215; x_wconf 90' lang='lat' dir='ltr'>ciatur</span> <span class='ocrx_word' id='word_1_134' title='bbox 342 2156 459 2227; x_wconf 89' lang='lat' dir='ltr'>postea</span> <span class='ocrx_word' id='word_1_135' title='bbox 482 2150 551 2213; x_wconf 88' lang='lat' dir='ltr'>tale</span> <span class='ocrx_word' id='word_1_136' title='bbox 577 2149 670 2212; x_wconf 90' lang='lat' dir='ltr'>chori</span> <span class='ocrx_word' id='word_1_137' title='bbox 695 2149 866 2229; x_wconf 86' lang='lat' dir='ltr'>auxilium,</span> <span class='ocrx_word' id='word_1_138' title='bbox 892 2149 1005 2226; x_wconf 74' lang='lat' dir='ltr'>protius</span> <span class='ocrx_word' id='word_1_139' title='bbox 1028 2168 1058 2215; x_wconf 83' lang='lat' dir='ltr'>v.</span> <span class='ocrx_word' id='word_1_140' title='bbox 1078 2155 1230 2213; x_wconf 80' lang='lat'>871—73</span> <span class='ocrx_word' id='word_1_141' title='bbox 1261 2150 1382 2213; x_wconf 87' lang='lat' dir='ltr'>chorus</span> 
     </span>
     <span class='ocr_line' id='line_1_19' title="bbox 208 2255 1380 2336; baseline 0 -16"><span class='ocrx_word' id='word_1_142' title='bbox 208 2274 243 2320; x_wconf 89' lang='lat' dir='ltr'>se</span> <span class='ocrx_word' id='word_1_143' title='bbox 269 2257 374 2334; x_wconf 83' lang='lat' dir='ltr'>ipsius</span> <span class='ocrx_word' id='word_1_144' title='bbox 409 2255 489 2320; x_wconf 84' lang='lat' dir='ltr'>facti</span> <span class='ocrx_word' id='word_1_145' title='bbox 526 2255 722 2333; x_wconf 89' lang='lat' dir='ltr'>participem</span> <span class='ocrx_word' id='word_1_146' title='bbox 758 2255 830 2318; x_wconf 84' lang='lat' dir='ltr'>lieri</span> <span class='ocrx_word' id='word_1_147' title='bbox 860 2256 949 2319; x_wconf 92' lang='lat' dir='ltr'>nolle</span> <span class='ocrx_word' id='word_1_148' title='bbox 974 2255 1137 2334; x_wconf 88' lang='lat' dir='ltr'>declaret;</span> <span class='ocrx_word' id='word_1_149' title='bbox 1163 2264 1197 2319; x_wconf 89' lang='lat' dir='ltr'>et</span> <span class='ocrx_word' id='word_1_150' title='bbox 1221 2275 1270 2336; x_wconf 88' lang='lat' dir='ltr'>eo,</span> <span class='ocrx_word' id='word_1_151' title='bbox 1296 2256 1380 2336; x_wconf 87' lang='lat' dir='ltr'>quod</span> 
     </span>
     <span class='ocr_line' id='line_1_20' title="bbox 208 2353 1381 2448; baseline -0.003 -22"><span class='ocrx_word' id='word_1_152' title='bbox 208 2364 242 2427; x_wconf 94' lang='lat' dir='ltr'>in</span> <span class='ocrx_word' id='word_1_153' title='bbox 266 2370 361 2442; x_wconf 88' lang='lat' dir='ltr'>parte</span> <span class='ocrx_word' id='word_1_154' title='bbox 392 2364 408 2437; x_wconf 88' lang='grc' dir='ltr'>ζ</span> <span class='ocrx_word' id='word_1_155' title='bbox 439 2362 479 2427; x_wconf 92' lang='lat' dir='ltr'>ad</span> <span class='ocrx_word' id='word_1_156' title='bbox 509 2360 776 2427; x_wconf 88' lang='lat' dir='ltr'>adhortationem</span> <span class='ocrx_word' id='word_1_157' title='bbox 805 2364 936 2427; x_wconf 81' lang='lat' dir='ltr'>Orestis</span> <span class='ocrx_word' id='word_1_158' title='bbox 965 2363 1111 2427; x_wconf 88' lang='lat' dir='ltr'>additum</span> <span class='ocrx_word' id='word_1_159' title='bbox 1142 2372 1193 2428; x_wconf 89' lang='lat' dir='ltr'>est</span> <span class='ocrx_word' id='word_1_160' title='bbox 1217 2355 1296 2424; x_wconf 77' lang='grc' dir='ltr'><em>ὅταν</em></span> <span class='ocrx_word' id='word_1_161' title='bbox 1319 2353 1381 2448; x_wconf 74' lang='grc' dir='ltr'>ἥκῃ</span> 
     </span>
     <span class='ocr_line' id='line_1_21' title="bbox 207 2464 1380 2551; baseline 0.003 -22"><span class='ocrx_word' id='word_1_162' title='bbox 207 2473 304 2549; x_wconf 78' lang='grc' dir='ltr'><em>μέρος</em></span> <span class='ocrx_word' id='word_1_163' title='bbox 329 2464 439 2551; x_wconf 81' lang='grc' dir='ltr'><em>ἔργων,</em></span> <span class='ocrx_word' id='word_1_164' title='bbox 475 2488 644 2535; x_wconf 91' lang='lat' dir='ltr'>monemur</span> <span class='ocrx_word' id='word_1_165' title='bbox 679 2488 719 2532; x_wconf 92' lang='lat' dir='ltr'>ne</span> <span class='ocrx_word' id='word_1_166' title='bbox 753 2478 938 2534; x_wconf 87' lang='lat' dir='ltr'>statuamus</span> <span class='ocrx_word' id='word_1_167' title='bbox 970 2470 1004 2534; x_wconf 91' lang='lat' dir='ltr'>in</span> <span class='ocrx_word' id='word_1_168' title='bbox 1034 2477 1175 2549; x_wconf 85' lang='lat' dir='ltr'>utraque</span> <span class='ocrx_word' id='word_1_169' title='bbox 1201 2470 1240 2534; x_wconf 90' lang='lat' dir='ltr'>de</span> <span class='ocrx_word' id='word_1_170' title='bbox 1265 2469 1380 2534; x_wconf 90' lang='lat' dir='ltr'>eodem</span> 
     </span>
     <span class='ocr_line' id='line_1_22' title="bbox 207 2576 1380 2658; baseline -0.001 -16"><span class='ocrx_word' id='word_1_171' title='bbox 207 2578 369 2655; x_wconf 88' lang='lat' dir='ltr'>temporis</span> <span class='ocrx_word' id='word_1_172' title='bbox 394 2584 557 2641; x_wconf 91' lang='lat' dir='ltr'>momento</span> <span class='ocrx_word' id='word_1_173' title='bbox 583 2595 655 2641; x_wconf 90' lang='lat' dir='ltr'>esse</span> <span class='ocrx_word' id='word_1_174' title='bbox 680 2594 874 2643; x_wconf 83' lang='lat' dir='ltr'>sermonem.</span> <span class='ocrx_word' id='word_1_175' title='bbox 915 2579 1097 2641; x_wconf 84' lang='lat' dir='ltr'>Praeterea</span> <span class='ocrx_word' id='word_1_176' title='bbox 1114 2576 1281 2658; x_wconf 88' lang='lat' dir='ltr'>displicet,</span> <span class='ocrx_word' id='word_1_177' title='bbox 1295 2577 1380 2656; x_wconf 91' lang='lat' dir='ltr'>quod</span> 
     </span>
     <span class='ocr_line' id='line_1_23' title="bbox 208 2677 1380 2763; baseline -0.003 -17"><span class='ocrx_word' id='word_1_178' title='bbox 208 2701 271 2760; x_wconf 92' lang='lat' dir='ltr'>qua</span> <span class='ocrx_word' id='word_1_179' title='bbox 306 2684 437 2748; x_wconf 89' lang='lat' dir='ltr'>ratione</span> <span class='ocrx_word' id='word_1_180' title='bbox 474 2690 665 2762; x_wconf 89' lang='lat' dir='ltr'>corruptum</span> <span class='ocrx_word' id='word_1_181' title='bbox 698 2684 744 2747; x_wconf 90' lang='lat' dir='ltr'>sit</span> <span class='ocrx_word' id='word_1_182' title='bbox 771 2677 878 2763; x_wconf 75' lang='grc' dir='ltr'><em>θρόον</em></span> <span class='ocrx_word' id='word_1_183' title='bbox 905 2677 1070 2760; x_wconf 75' lang='grc' dir='ltr'>δειμάτων</span> <span class='ocrx_word' id='word_1_184' title='bbox 1093 2684 1127 2748; x_wconf 93' lang='lat' dir='ltr'>in</span> <span class='ocrx_word' id='word_1_185' title='bbox 1152 2681 1296 2744; x_wconf 78' lang='grc' dir='ltr'><em>πλοῦτον</em></span> <span class='ocrx_word' id='word_1_186' title='bbox 1320 2682 1380 2744; x_wconf 83' lang='grc' dir='ltr'>δω-</span> 
     </span>
     <span class='ocr_line' id='line_1_24' title="bbox 207 2782 1380 2873; baseline 0.003 -23"><span class='ocrx_word' id='word_1_187' title='bbox 207 2782 321 2866; x_wconf 74' lang='grc' dir='ltr'><em>μάτων</em></span> <span class='ocrx_word' id='word_1_188' title='bbox 345 2809 408 2853; x_wconf 95' lang='lat' dir='ltr'>non</span> <span class='ocrx_word' id='word_1_189' title='bbox 435 2791 599 2873; x_wconf 79' lang='lat' dir='ltr'>cernitur3</span> <span class='ocrx_word' id='word_1_190' title='bbox 624 2798 692 2853; x_wconf 88' lang='lat' dir='ltr'>tum</span> <span class='ocrx_word' id='word_1_191' title='bbox 720 2789 805 2867; x_wconf 87' lang='lat' dir='ltr'>quod</span> <span class='ocrx_word' id='word_1_192' title='bbox 830 2791 972 2853; x_wconf 79' lang='lat' dir='ltr'>feminae</span> <span class='ocrx_word' id='word_1_193' title='bbox 988 2808 1052 2853; x_wconf 90' lang='lat' dir='ltr'>nou</span> <span class='ocrx_word' id='word_1_194' title='bbox 1071 2790 1195 2869; x_wconf 92' lang='lat' dir='ltr'>dicunt,</span> <span class='ocrx_word' id='word_1_195' title='bbox 1221 2808 1380 2869; x_wconf 85' lang='lat' dir='ltr'>quaenam</span> 
     </span>
     <span class='ocr_line' id='line_1_25' title="bbox 206 2895 1379 2976; baseline 0.003 -19"><span class='ocrx_word' id='word_1_196' title='bbox 206 2895 345 2973; x_wconf 78' lang='grc' dir='ltr'><strong><em>δείματα</em></strong></span> <span class='ocrx_word' id='word_1_197' title='bbox 378 2915 419 2960; x_wconf 90' lang='lat' dir='ltr'>ne</span> <span class='ocrx_word' id='word_1_198' title='bbox 455 2904 608 2961; x_wconf 86' lang='lat' dir='ltr'>terreant</span> <span class='ocrx_word' id='word_1_199' title='bbox 643 2897 794 2961; x_wconf 78' lang='lat' dir='ltr'>Orestem</span> <span class='ocrx_word' id='word_1_200' title='bbox 832 2897 986 2974; x_wconf 89' lang='lat' dir='ltr'>timeant;</span> <span class='ocrx_word' id='word_1_201' title='bbox 1027 2896 1168 2976; x_wconf 87' lang='lat' dir='ltr'>denique</span> <span class='ocrx_word' id='word_1_202' title='bbox 1194 2896 1281 2976; x_wconf 88' lang='lat' dir='ltr'>quod</span> <span class='ocrx_word' id='word_1_203' title='bbox 1305 2898 1379 2962; x_wconf 84' lang='lat' dir='ltr'>voci</span> 
     </span>
     <span class='ocr_line' id='line_1_26' title="bbox 207 2984 1380 3087; baseline 0.003 -23"><span class='ocrx_word' id='word_1_204' title='bbox 207 3002 280 3086; x_wconf 81' lang='grc' dir='ltr'><em>γόης</em></span> <span class='ocrx_word' id='word_1_205' title='bbox 304 3005 382 3069; x_wconf 90' lang='lat' dir='ltr'>aliis</span> <span class='ocrx_word' id='word_1_206' title='bbox 400 3005 484 3068; x_wconf 91' lang='lat' dir='ltr'>locis</span> <span class='ocrx_word' id='word_1_207' title='bbox 498 3022 629 3082; x_wconf 86' lang='lat' dir='ltr'>semper</span> <span class='ocrx_word' id='word_1_208' title='bbox 646 3004 723 3068; x_wconf 90' lang='lat' dir='ltr'>vitii</span> <span class='ocrx_word' id='word_1_209' title='bbox 747 3003 870 3081; x_wconf 83' lang='lat' dir='ltr'>aliquid</span> <span class='ocrx_word' id='word_1_210' title='bbox 888 3005 986 3085; x_wconf 87' lang='lat' dir='ltr'>inest,</span> <span class='ocrx_word' id='word_1_211' title='bbox 1012 2984 1049 3068; x_wconf 90' lang='lat' dir='ltr'>ut</span> <span class='ocrx_word' id='word_1_212' title='bbox 1065 3004 1109 3069; x_wconf 91' lang='lat' dir='ltr'>sit</span> <span class='ocrx_word' id='word_1_213' title='bbox 1125 3005 1380 3087; x_wconf 79' lang='lat' dir='ltr'>praestigiator,</span> 
     </span>
     <span class='ocr_line' id='line_1_27' title="bbox 205 3110 1044 3190; baseline 0.001 -16"><span class='ocrx_word' id='word_1_214' title='bbox 205 3130 271 3175; x_wconf 96' lang='lat' dir='ltr'>non</span> <span class='ocrx_word' id='word_1_215' title='bbox 296 3112 352 3190; x_wconf 95' lang='lat' dir='ltr'>qui</span> <span class='ocrx_word' id='word_1_216' title='bbox 377 3114 498 3175; x_wconf 90' lang='lat' dir='ltr'>seriam</span> <span class='ocrx_word' id='word_1_217' title='bbox 523 3119 627 3176; x_wconf 89' lang='lat' dir='ltr'>artem</span> <span class='ocrx_word' id='word_1_218' title='bbox 653 3110 813 3190; x_wconf 87' lang='lat' dir='ltr'>magicam</span> <span class='ocrx_word' id='word_1_219' title='bbox 837 3111 1044 3189; x_wconf 87' lang='lat' dir='ltr'>profiteatur.</span> 
     </span>
    </p>

    <p class='ocr_par' dir='ltr' id='par_1_5' title="bbox 205 3236 1380 3637">
     <span class='ocr_line' id='line_1_28' title="bbox 314 3236 1380 3319; baseline -0.001 -18"><span class='ocrx_word' id='word_1_220' title='bbox 314 3237 486 3301; x_wconf 85' lang='lat' dir='ltr'>Sententia</span> <span class='ocrx_word' id='word_1_221' title='bbox 520 3236 627 3315; x_wconf 84' lang='lat' dir='ltr'>igitur</span> <span class='ocrx_word' id='word_1_222' title='bbox 663 3237 840 3319; x_wconf 87' lang='lat' dir='ltr'>ephymnia</span> <span class='ocrx_word' id='word_1_223' title='bbox 875 3237 908 3300; x_wconf 92' lang='lat' dir='ltr'>in</span> <span class='ocrx_word' id='word_1_224' title='bbox 946 3238 1008 3300; x_wconf 90' lang='lat' dir='ltr'>hoo</span> <span class='ocrx_word' id='word_1_225' title='bbox 1044 3236 1188 3301; x_wconf 90' lang='lat' dir='ltr'>carmine</span> <span class='ocrx_word' id='word_1_226' title='bbox 1217 3254 1380 3315; x_wconf 90' lang='lat' dir='ltr'>reponere</span> 
     </span>
     <span class='ocr_line' id='line_1_29' title="bbox 206 3335 1380 3426; baseline 0 -19"><span class='ocrx_word' id='word_1_227' title='bbox 206 3353 373 3422; x_wconf 87' lang='lat' dir='ltr'>vetamur;</span> <span class='ocrx_word' id='word_1_228' title='bbox 398 3363 470 3407; x_wconf 93' lang='lat' dir='ltr'>nam</span> <span class='ocrx_word' id='word_1_229' title='bbox 496 3361 536 3406; x_wconf 92' lang='lat' dir='ltr'>ne</span> <span class='ocrx_word' id='word_1_230' title='bbox 562 3344 617 3407; x_wconf 93' lang='lat' dir='ltr'>hic</span> <span class='ocrx_word' id='word_1_231' title='bbox 642 3343 772 3422; x_wconf 90' lang='lat' dir='ltr'>quidem</span> <span class='ocrx_word' id='word_1_232' title='bbox 789 3345 1025 3421; x_wconf 81' lang='lat' dir='ltr'>Aristophanis</span> <span class='ocrx_word' id='word_1_233' title='bbox 1050 3344 1109 3407; x_wconf 94' lang='lat' dir='ltr'>illo</span> <span class='ocrx_word' id='word_1_234' title='bbox 1139 3335 1180 3426; x_wconf 81' lang='grc' dir='ltr'>ἰὴ</span> <span class='ocrx_word' id='word_1_235' title='bbox 1195 3337 1302 3404; x_wconf 77' lang='grc' dir='ltr'><em>κόπον</em></span> <span class='ocrx_word' id='word_1_236' title='bbox 1325 3342 1380 3407; x_wconf 95' lang='lat' dir='ltr'>de·</span> 
     </span>
     <span class='ocr_line' id='line_1_30' title="bbox 206 3449 1379 3529; baseline 0.001 -17"><span class='ocrx_word' id='word_1_237' title='bbox 206 3449 293 3513; x_wconf 86' lang='lat' dir='ltr'>tendi</span> <span class='ocrx_word' id='word_1_238' title='bbox 319 3469 416 3529; x_wconf 92' lang='lat' dir='ltr'>posse</span> <span class='ocrx_word' id='word_1_239' title='bbox 440 3458 531 3529; x_wconf 79' lang='lat' dir='ltr'>puto.</span> <span class='ocrx_word' id='word_1_240' title='bbox 570 3449 633 3514; x_wconf 84' lang='lat' dir='ltr'>Sed</span> <span class='ocrx_word' id='word_1_241' title='bbox 658 3451 822 3528; x_wconf 89' lang='lat' dir='ltr'>integram</span> <span class='ocrx_word' id='word_1_242' title='bbox 849 3469 921 3514; x_wconf 89' lang='lat' dir='ltr'>esse</span> <span class='ocrx_word' id='word_1_243' title='bbox 947 3451 981 3514; x_wconf 92' lang='lat' dir='ltr'>in</span> <span class='ocrx_word' id='word_1_244' title='bbox 1005 3452 1197 3516; x_wconf 88' lang='lat' dir='ltr'>universum</span> <span class='ocrx_word' id='word_1_245' title='bbox 1221 3450 1379 3514; x_wconf 88' lang='lat' dir='ltr'>traditam</span> 
     </span>
     <span class='ocr_line' id='line_1_31' title="bbox 205 3556 1380 3637; baseline -0.002 -16"><span class='ocrx_word' id='word_1_246' title='bbox 205 3556 341 3621; x_wconf 83' lang='lat' dir='ltr'>formam</span> <span class='ocrx_word' id='word_1_247' title='bbox 368 3575 408 3621; x_wconf 87' lang='lat' dir='ltr'>ex</span> <span class='ocrx_word' id='word_1_248' title='bbox 433 3575 471 3620; x_wconf 91' lang='lat' dir='ltr'>eo</span> <span class='ocrx_word' id='word_1_249' title='bbox 497 3574 626 3635; x_wconf 86' lang='lat' dir='ltr'>quoque</span> <span class='ocrx_word' id='word_1_250' title='bbox 652 3556 820 3637; x_wconf 86' lang='lat' dir='ltr'>discimus,</span> <span class='ocrx_word' id='word_1_251' title='bbox 845 3557 931 3635; x_wconf 85' lang='lat' dir='ltr'>quod</span> <span class='ocrx_word' id='word_1_252' title='bbox 955 3566 1136 3623; x_wconf 88' lang='lat' dir='ltr'>metrorum</span> <span class='ocrx_word' id='word_1_253' title='bbox 1160 3557 1380 3622; x_wconf 86' lang='lat' dir='ltr'>similitudine</span> 
     </span>
    </p>
   </div>
   <div class='ocr_carea' id='block_1_5' title="bbox 208 3662 1487 3744">
    <p class='ocr_par' dir='ltr' id='par_1_6' title="bbox 208 3662 1487 3744">
     <span class='ocr_line' id='line_1_32' title="bbox 208 3662 1487 3744; baseline 0 -16"><span class='ocrx_word' id='word_1_254' title='bbox 208 3665 350 3743; x_wconf 88' lang='lat' dir='ltr'>partium</span> <span class='ocrx_word' id='word_1_255' title='bbox 379 3666 401 3744; x_wconf 82' lang='grc' dir='ltr'>β</span> <span class='ocrx_word' id='word_1_256' title='bbox 428 3672 462 3729; x_wconf 91' lang='lat' dir='ltr'>et</span> <span class='ocrx_word' id='word_1_257' title='bbox 491 3662 507 3736; x_wconf 86' lang='grc' dir='ltr'>ζ</span> <span class='ocrx_word' id='word_1_258' title='bbox 546 3665 683 3742; x_wconf 91' lang='lat' dir='ltr'>propria</span> <span class='ocrx_word' id='word_1_259' title='bbox 719 3665 894 3742; x_wconf 88' lang='lat' dir='ltr'>responsio</span> <span class='ocrx_word' id='word_1_260' title='bbox 929 3664 1111 3743; x_wconf 89' lang='lat' dir='ltr'>indicatur;</span> <span class='ocrx_word' id='word_1_261' title='bbox 1150 3664 1237 3743; x_wconf 86' lang='lat' dir='ltr'>quod</span> <span class='ocrx_word' id='word_1_262' title='bbox 1273 3665 1381 3742; x_wconf 90' lang='lat' dir='ltr'>ipsum</span> <span class='ocrx_word' id='word_1_263' title='bbox 1484 3699 1487 3705; x_wconf 93' lang='lat'>·</span> 
     </span>
    </p>
   </div>
   <div class='ocr_carea' id='block_1_6' title="bbox 205 3771 1380 3957">
    <p class='ocr_par' dir='ltr' id='par_1_7' title="bbox 205 3771 1380 3957">
     <span class='ocr_line' id='line_1_33' title="bbox 205 3771 1380 3852; baseline 0 -16"><span class='ocrx_word' id='word_1_264' title='bbox 205 3781 386 3851; x_wconf 88' lang='lat' dir='ltr'>propterea</span> <span class='ocrx_word' id='word_1_265' title='bbox 411 3779 536 3836; x_wconf 89' lang='lat' dir='ltr'>certum</span> <span class='ocrx_word' id='word_1_266' title='bbox 563 3771 656 3852; x_wconf 87' lang='lat' dir='ltr'>duco,</span> <span class='ocrx_word' id='word_1_267' title='bbox 682 3773 760 3850; x_wconf 80' lang='lat' dir='ltr'>quia</span> <span class='ocrx_word' id='word_1_268' title='bbox 784 3779 922 3836; x_wconf 90' lang='lat' dir='ltr'>metrum</span> <span class='ocrx_word' id='word_1_269' title='bbox 949 3771 1075 3836; x_wconf 90' lang='lat' dir='ltr'>mediae</span> <span class='ocrx_word' id='word_1_270' title='bbox 1099 3772 1207 3850; x_wconf 90' lang='lat' dir='ltr'>partis</span> <span class='ocrx_word' id='word_1_271' title='bbox 1231 3771 1251 3832; x_wconf 83' lang='grc' dir='ltr'><em>δ</em></span> <span class='ocrx_word' id='word_1_272' title='bbox 1283 3772 1380 3849; x_wconf 87' lang='lat' dir='ltr'>plane</span> 
     </span>
     <span class='ocr_line' id='line_1_34' title="bbox 206 3878 1379 3957; baseline -0.003 -13"><span class='ocrx_word' id='word_1_273' title='bbox 206 3887 258 3944; x_wconf 89' lang='lat' dir='ltr'>est</span> <span class='ocrx_word' id='word_1_274' title='bbox 283 3880 450 3944; x_wconf 90' lang='lat' dir='ltr'>diversum</span> <span class='ocrx_word' id='word_1_275' title='bbox 475 3915 517 3923; x_wconf 89' lang='lat'><strong>—</strong></span> <span class='ocrx_word' id='word_1_276' title='bbox 548 3899 621 3943; x_wconf 94' lang='lat' dir='ltr'>nam</span> <span class='ocrx_word' id='word_1_277' title='bbox 656 3879 684 3943; x_wconf 89' lang='lat' dir='ltr'>si</span> <span class='ocrx_word' id='word_1_278' title='bbox 712 3879 821 3943; x_wconf 90' lang='lat' dir='ltr'>tribus</span> <span class='ocrx_word' id='word_1_279' title='bbox 846 3879 997 3957; x_wconf 90' lang='lat' dir='ltr'>partibus</span> <span class='ocrx_word' id='word_1_280' title='bbox 1022 3880 1173 3943; x_wconf 90' lang='lat' dir='ltr'>omnibus</span> <span class='ocrx_word' id='word_1_281' title='bbox 1199 3878 1283 3942; x_wconf 89' lang='lat' dir='ltr'>idem</span> <span class='ocrx_word' id='word_1_282' title='bbox 1308 3878 1379 3941; x_wconf 90' lang='lat' dir='ltr'>fere</span> 
     </span>
    </p>
   </div>
   <div class='ocr_carea' id='block_1_7' title="bbox 205 3986 1487 4069">
    <p class='ocr_par' dir='ltr' id='par_1_8' title="bbox 205 3986 1487 4069">
     <span class='ocr_line' id='line_1_35' title="bbox 205 3986 1487 4069; baseline -0.002 -19"><span class='ocrx_word' id='word_1_283' title='bbox 205 3987 378 4067; x_wconf 88' lang='lat' dir='ltr'>rhythmus</span> <span class='ocrx_word' id='word_1_284' title='bbox 403 3987 538 4068; x_wconf 88' lang='lat' dir='ltr'>inesset,</span> <span class='ocrx_word' id='word_1_285' title='bbox 556 3987 663 4051; x_wconf 91' lang='lat' dir='ltr'>minus</span> <span class='ocrx_word' id='word_1_286' title='bbox 681 4005 721 4050; x_wconf 86' lang='lat' dir='ltr'>ex</span> <span class='ocrx_word' id='word_1_287' title='bbox 739 4005 777 4050; x_wconf 90' lang='lat' dir='ltr'>ea</span> <span class='ocrx_word' id='word_1_288' title='bbox 794 4004 830 4049; x_wconf 93' lang='lat' dir='ltr'>re</span> <span class='ocrx_word' id='word_1_289' title='bbox 849 3986 1002 4050; x_wconf 89' lang='lat' dir='ltr'>concludi</span> <span class='ocrx_word' id='word_1_290' title='bbox 1020 3987 1141 4049; x_wconf 83' lang='lat' dir='ltr'>liceret</span> <span class='ocrx_word' id='word_1_291' title='bbox 1155 4021 1206 4047; x_wconf 84' lang='lat'>—.</span> <span class='ocrx_word' id='word_1_292' title='bbox 1229 3987 1380 4064; x_wconf 82' lang='lat' dir='ltr'>Utraque</span> <span class='ocrx_word' id='word_1_293' title='bbox 1484 4063 1487 4069; x_wconf 18' lang='grc' dir='ltr'>Ι</span> 
     </span>
    </p>
   </div>
   <div class='ocr_carea' id='block_1_8' title="bbox 205 4092 1380 4281">
    <p class='ocr_par' dir='ltr' id='par_1_9' title="bbox 205 4092 1380 4281">
     <span class='ocr_line' id='line_1_36' title="bbox 206 4092 1380 4172; baseline -0.001 -16"><span class='ocrx_word' id='word_1_294' title='bbox 206 4094 290 4157; x_wconf 90' lang='lat' dir='ltr'>enim</span> <span class='ocrx_word' id='word_1_295' title='bbox 316 4094 448 4157; x_wconf 90' lang='lat' dir='ltr'>initium</span> <span class='ocrx_word' id='word_1_296' title='bbox 488 4095 579 4172; x_wconf 87' lang='lat' dir='ltr'>capit</span> <span class='ocrx_word' id='word_1_297' title='bbox 614 4113 633 4157; x_wconf 91' lang='lat' dir='ltr'>a</span> <span class='ocrx_word' id='word_1_298' title='bbox 666 4095 810 4172; x_wconf 82' lang='lat' dir='ltr'>quinque</span> <span class='ocrx_word' id='word_1_299' title='bbox 847 4093 1010 4157; x_wconf 90' lang='lat' dir='ltr'>ionicisa</span> <span class='ocrx_word' id='word_1_300' title='bbox 1041 4094 1168 4155; x_wconf 94' lang='lat' dir='ltr'>minore</span> <span class='ocrx_word' id='word_1_301' title='bbox 1201 4092 1380 4169; x_wconf 88' lang='lat' dir='ltr'>(neglectis</span> 
     </span>
     <span class='ocr_line' id='line_1_37' title="bbox 205 4192 1379 4281; baseline -0.001 -17"><span class='ocrx_word' id='word_1_302' title='bbox 205 4200 496 4265; x_wconf 87' lang='lat' dir='ltr'>interiectionibus</span> <span class='ocrx_word' id='word_1_303' title='bbox 520 4192 537 4261; x_wconf 73' lang='grc' dir='ltr'><em>ἒ</em></span> <span class='ocrx_word' id='word_1_304' title='bbox 562 4195 676 4265; x_wconf 70' lang='lat' dir='ltr'>iaute</span> <span class='ocrx_word' id='word_1_305' title='bbox 701 4209 830 4279; x_wconf 89' lang='lat' dir='ltr'>partem</span> <span class='ocrx_word' id='word_1_306' title='bbox 853 4202 883 4281; x_wconf 80' lang='grc' dir='ltr'>β,</span> <span class='ocrx_word' id='word_1_307' title='bbox 913 4218 998 4278; x_wconf 88' lang='lat' dir='ltr'>quae</span> <span class='ocrx_word' id='word_1_308' title='bbox 1026 4198 1125 4263; x_wconf 87' lang='lat' dir='ltr'>facile</span> <span class='ocrx_word' id='word_1_309' title='bbox 1151 4207 1227 4264; x_wconf 90' lang='lat' dir='ltr'>aute</span> <span class='ocrx_word' id='word_1_310' title='bbox 1253 4206 1379 4278; x_wconf 88' lang='lat' dir='ltr'>partem</span> 
     </span>
    </p>
   </div>
   <div class='ocr_carea' id='block_1_9' title="bbox 0 0 1560 4890">
    <p class='ocr_par' dir='ltr' id='par_1_10' title="bbox 0 0 1560 4890">
     <span class='ocr_line' id='line_1_38' title="bbox 0 0 1560 4890; baseline 0 2"><span class='ocrx_word' id='word_1_311' title='bbox 0 0 1560 4890; x_wconf 95' lang='lat' dir='ltr'> </span> 
     </span>
    </p>
   </div>
  </div>
 </body>
</html>
