3112 4890
687 227 905 299 ,23-

635 429 702 495 sor.
728 450 748 492 α

688 537 773 616 Eplr.
799 557 820 598 α

634 647 712 710 Ant.
739 665 760 706 α

687 753 773 831 Eph.
798 773 819 814 α

634 860 699 925 stc.
724 862 746 940 β

686 967 770 1046 Eph.
794 969 816 1047 β

633 1076 710 1139 Ant.
735 1076 757 1154 β

647 1243 652 1251 ,
685 1181 817 1261 Ερίι.β

631 1308 697 1374 Str.
722 1327 740 1386 γ

684 1414 704 1476 d

630 1525 709 1590 Ant.
733 1542 761 1601 γ.

310 1683 392 1747 llam
416 1683 471 1748 hic
495 1684 592 1749 valde
609 1685 726 1749 miram
743 1701 816 1748 esse
834 1701 928 1748 nemo
949 1684 1098 1763 negabit.
1134 1684 1216 1749 Nam
1233 1684 1375 1764 primum

201 1788 234 1854 in
257 1791 431 1870 tripartito
466 1800 533 1857 tam
570 1793 746 1870 perspicue
782 1793 927 1856 carmine
963 1799 1196 1869 exspectamus
1231 1792 1304 1857 fore
1340 1803 1376 1859 ut

201 1897 316 1962 eadem
351 1899 544 1979 composito,
582 1900 780 1977 praesertim
822 1918 886 1977 qua
926 1899 1067 1962 maxime
1102 1900 1207 1964 tertia
1242 1918 1321 1976 pars
1357 1919 1377 1965 a

200 2005 344 2070 secunda
368 2005 511 2085 differat,
536 2024 596 2084 per
619 2014 725 2072 totam
748 2007 885 2072 tertiam
908 2013 1036 2084 partem
1054 2014 1220 2072 servetur.
1247 2006 1375 2072 Deinde

199 2120 330 2191 poetam
361 2113 424 2178 hoc
456 2114 530 2177 loco
561 2113 692 2178 minime
721 2111 881 2194 insignil)
906 2113 1075 2178 nonnullis
1099 2114 1253 2179 versibus
1278 2122 1375 2180 extra

198 2220 448 2296 responsionem
485 2221 606 2298 positis
641 2221 878 2300 aequalitatem
908 2227 1100 2286 structurae
1129 2238 1269 2299 prorsus
1302 2222 1373 2287 vio·

198 2326 322 2391 lavisse
347 2345 553 2406 nequaquam
578 2328 753 2407 probabile
778 2336 831 2393 est
853 2345 960 2406 neque
985 2328 1054 2391 ullo
1072 2329 1223 2406 exemplo
1240 2327 1374 2395 videtur

175 2505 179 2511 ,
199 2433 397 2499 confirmari.
432 2435 551 2514 Itaque
576 2434 617 2499 ad
640 2434 883 2500 restituendam
898 2435 1149 2512 responsionem
1167 2437 1232 2500 iam
1250 2435 1373 2499 Canter

198 2558 268 2605 eam
299 2551 444 2621 partem,
469 2561 566 2621 quam
597 2561 657 2621 per
681 2542 701 2604 d
723 2541 1002 2623 significavimus,
1027 2550 1104 2620 post
1127 2542 1370 2618 antistropham

196 2648 332 2713 tertiam
369 2650 517 2733 iteravit,
554 2651 652 2729 eique
687 2668 791 2727 paene
828 2667 940 2714 omnes
968 2649 1097 2726 posteri
1122 2647 1269 2712 editores
1294 2655 1372 2712 sunt

197 2756 342 2834 assensi3
371 2756 574 2838 rectissime,
606 2764 644 2822 ut
668 2759 797 2836 opinor.
844 2757 926 2827 Nam
951 2755 991 2820 ad
1016 2773 1147 2820 sensum
1173 2772 1237 2818 non
1262 2756 1371 2820 minus

196 2861 442 2927 accommodate
482 2863 643 2928 accedunt
681 2864 722 2929 ad
773 2864 1016 2941 antistropham
1065 2862 1202 2927 tertiam
1251 2879 1370 2928 versus

198 2975 371 3034 lte-173
396 2978 472 3047 post
498 2976 559 3035 181
585 2972 723 3049 repetiti
748 2990 844 3050 quam
861 2970 1039 3052 ephymnia
1063 2969 1187 3034 ceteris
1212 2969 1369 3034 carminis

194 3075 277 3140 locis
291 3076 332 3141 od
361 3078 464 3143 verba
491 3059 736 3156 praecedentia.
774 3077 845 3159 Qua
863 3078 901 3142 de
917 3088 956 3141 re
972 3077 1163 3142 accuratius
1186 3075 1367 3141 videamus.

193 3183 306 3248 Prima
342 3185 479 3263 stropha
514 3185 682 3250 Danaides
718 3203 791 3250 sese
820 3186 911 3263 ipsas
941 3183 1098 3248 canendis
1122 3181 1246 3247 talibus
1270 3183 1368 3247 malis

193 3291 321 3369 (qualia
356 3298 455 3355 antea
480 3288 689 3376 cecinerunt)
726 3293 903 3356 etiamnum
928 3291 1024 3356 vivas
1049 3289 1143 3368 quasi
1167 3289 1366 3369 lugubribus

194 3398 491 3463 lamentationibus
516 3400 689 3464 celebrare
714 3399 844 3475 dieunt;
867 3395 1088 3476 antistropha,
1114 3413 1198 3474 quae
1216 3416 1236 3461 a
1252 3396 1365 3480 simili,

193 3513 230 3570 ut
254 3505 399 3587 videtur,
435 3507 604 3571 sententia
638 3502 802 3585 incipitb,
837 3503 957 3568 anxiae
993 3510 1070 3567 sunt
1099 3521 1238 3581 quonam
1265 3522 1365 3569 causa

191 3629 252 3676 sua
276 3613 321 3678 sit
345 3631 497 3679 evasura.
544 3605 687 3692 Utrique
711 3610 921 3693 ephymnium
946 3608 1093 3675 additum
1119 3616 1171 3674 est
1193 3610 1270 3673 hoc:

297 3859 324 3929 1)
343 3861 385 3916 Ea
404 3862 440 3915 de
459 3877 544 3915 cauea
562 3860 645 3914 loeus
674 3856 803 3930 Ohoeph.
830 3859 972 3912 802-807
1000 3858 1158 3927 comparari
1177 3874 1236 3912 non
1254 3861 1362 3926 potest,

189 3951 225 4004 de
245 3968 300 4020 quo
320 3952 387 4006 vide
406 3936 529 4020 ΜΒΝ·

295 4038 323 4107 2)
342 4039 407 4094 Duo
426 4041 510 4108 primi
539 4057 638 4094 versus
667 4040 796 4108 corrupti
816 4042 896 4098 suut3
916 4041 948 4090 ut
967 4037 1049 4090 illum
1068 4053 1183 4090 sensum
1202 4037 1245 4091 eis
1264 4037 1361 4089 inesse

188 4130 355 4195 existimem,
375 4128 504 4182 adducor
523 4127 643 4185 vocibus
663 4116 767 4198 ἐναγέα
787 4127 865 4181 τέλεα
885 4131 914 4180 at
941 4119 1064 4182 θάνατος
1092 4111 1157 4198 unp.
1186 4112 1245 4198 α’πῄ
1275 4126 1359 4194 enim,

187 4236 246 4271 non
266 4213 320 4292 ὅπῃ
340 4219 369 4270 ἰιι
389 4218 545 4287 archetypo
565 4217 655 4272 fuisse
675 4216 847 4273 scholiastes
866 4219 998 4270 testatur.
