3098 4884
761 231 978 298 ῌ94-

494 423 627 507 ἱλέομαι
651 426 713 507 μὲν
737 419 848 491 Ἀπίαν
871 416 998 510 βοῦνιν,
1078 503 1081 508 ¹

495 537 642 617 καρβᾶνα
666 530 696 598 δ
720 529 824 598 αὐδὰν

495 621 542 725 εὖ,
568 645 618 726 γᾶ,
643 650 776 714 κοννεῖς.

495 745 640 812 πολλάκι
665 745 695 812 δ’
719 747 868 830 ἐμπίτνω
894 744 953 825 ξδν
976 750 1084 813 λακίδι

495 857 635 920 λίνοισιν
658 847 678 940 ἢ
700 858 836 940 Σιδονίᾳ
860 855 1044 942 καλύπτρᾳ,

281 984 388 1045 neque
413 965 499 1044 quod
523 966 564 1031 ad
589 969 839 1046 grammaticam
863 985 970 1046 neque
994 968 1081 1046 quod
1106 967 1147 1031 ad
1172 986 1303 1032 sensum
1321 971 1454 1050 attinet,

281 1075 390 1138 artius
415 1092 487 1137 cum
512 1073 787 1139 antecedentibus
812 1075 1033 1155 coniunctum,
1059 1074 1244 1140 sedtamen
1266 1076 1454 1140 adsensum

281 1182 365 1249 satis
401 1187 523 1261 aptum,
561 1200 632 1245 cum
669 1199 772 1259 paene
808 1190 916 1247 totum
952 1199 1012 1259 per
1049 1200 1180 1246 carmen
1224 1183 1454 1248 invocationes

280 1288 547 1368 lamentationes,
583 1289 839 1353 lamentationes
875 1289 1105 1355 invocationes
1141 1290 1333 1381 excipiant„
1374 1290 1453 1370 Nec,

281 1396 310 1459 si
334 1414 371 1459 re
396 1413 476 1461 vera
500 1395 632 1460 initium
658 1395 889 1474 antistrophae
925 1414 1056 1461 sensum
1093 1398 1204 1461 sensui
1230 1397 1387 1475 strophae
1410 1397 1453 1460 si·

280 1503 391 1566 milam
417 1504 577 1585 continet,
603 1521 748 1567 conexus
772 1503 931 1584 violatur,
956 1503 1110 1582 quoniam
1128 1504 1219 1568 illius
1236 1504 1339 1570 verba
1356 1504 1453 1581 plane

280 1628 365 1676 nova
389 1617 474 1674 sunt·
489 1611 583 1674 nulla
606 1628 689 1676 voce
714 1610 754 1674 ad
780 1611 948 1687 stropham
974 1611 1159 1690 relegante.
1195 1612 1314 1676 Altero
1343 1618 1453 1675 antem

280 1717 354 1781 loeo
379 1717 592 1797 ephymnium
629 1735 701 1780 cum
738 1717 878 1795 stropha
913 1724 1012 1795 atque
1050 1736 1122 1781 cum
1147 1719 1358 1796 antistropha
1382 1726 1454 1782 tan·

278 1833 396 1902 topere
422 1825 591 1905 cohaeret,
616 1831 654 1887 ut
678 1823 778 1888 etiam
803 1824 1021 1902 grammatice
1039 1823 1072 1888 id
1090 1842 1163 1887 cum
1181 1825 1230 1887 eis
1248 1825 1453 1903 coniungere

278 1931 390 2001 liceat.
430 1931 593 1997 Invocant
609 1931 748 2008 stropha
763 1929 885 2002 Iovem,
904 1931 1116 2009 antistropha
1134 1931 1272 1994 Dianam
1290 1932 1452 2011 virginee,

279 2044 321 2109 ut,
350 2045 427 2116 post
461 2035 592 2102 felicem
627 2036 877 2117 navigationem
911 2038 1003 2115 ipsas
1027 2055 1127 2116 porro
1153 2055 1283 2116 quoque
1308 2045 1453 2118 servent,

280 2153 380 2223 atque
405 2145 582 2226 ephymnio

492 2255 625 2333 σπέρμα
649 2250 772 2328 σεμνᾶς
795 2253 877 2329 μέγα
901 2241 1026 2332 ματρὸς

492 2349 589 2428 atvar
611 2348 748 2441 ἀνδρῶν,
776 2353 801 2441 ἔ,
827 2353 852 2439 ἔ,

491 2460 621 2545 ἄγαμον
644 2459 817 2556 ἀδάματον
840 2459 994 2546 ἐκφυγεῖν

277 2575 469 2638 accuratius
494 2594 513 2639 a
537 2593 677 2652 quanam
702 2573 943 2652 praecinuere
969 2573 1099 2637 servari
1124 2571 1230 2637 velint
1262 2572 1452 2650 explanant.

277 2681 465 2747 Infinitivns
500 2676 654 2762 ἐκφυγεῖν
689 2680 730 2745 ad
766 2681 904 2747 verbum
939 2680 1081 2740 κτίσειεν
1110 2675 1200 2760 (146)
1226 2679 1324 2743 etad
1349 2674 1453 2764 ῥύσιος
1504 2676 1506 2679 ’

278 2791 421 2865 γενέσθω
454 2784 550 2872 (116;
574 2813 618 2842 z
642 2781 806 2872 ῥυσάσθω)
840 2787 889 2851 ita
918 2777 1101 2850 trahendus
1126 2793 1188 2866 est,
1222 2792 1259 2849 ut
1282 2794 1453 2850 statuatur

278 2896 485 2960 constructio
515 2893 673 2959 infinitivi
705 2893 762 2972 qui
794 2892 861 2957 dici
885 2900 998 2970 potest
1020 2890 1145 2973 finalis,
1171 2911 1236 2970 qua
1258 2892 1450 2957 liberiorem

278 3003 311 3066 in
336 3001 465 3066 modum
502 3000 629 3079 aliquid
666 3000 743 3065 addi
779 3000 876 3071 solet,
914 2998 999 3078 quod
1035 2999 1075 3080 is,
1101 2999 1141 3063 de
1166 3017 1230 3077 quo
1255 3017 1364 3064 sermo
1389 3008 1450 3081 est,

278 3127 318 3173 ex
332 3108 463 3174 actione
476 3107 672 3187 principalis
686 3108 781 3174 verbi
795 3107 889 3186 sequi
902 3107 976 3171 vult
996 3102 1053 3190 (ef.
1069 3106 1207 3171 Kiihner
1220 3105 1264 3188 Π,
1283 3126 1314 3185 p.
1330 3110 1403 3183 586)
1429 3106 1450 3188 ).

278 3219 388 3295 Atque
424 3215 458 3280 in
493 3216 596 3280 tertio
634 3216 845 3293 stropharum
881 3215 953 3292 pari
991 3214 1202 3294 ephymnium
1228 3214 1258 3278 ei
1283 3214 1369 3295 loco,
1395 3216 1449 3278 ubi

276 3341 340 3386 non
367 3331 418 3386 est
441 3321 601 3387 traditum
628 3317 718 3401 (post
741 3317 998 3401 antistropham)
1022 3327 1089 3384 tam
1114 3321 1197 3384 bene
1224 3321 1390 3400 convenit,
1415 3328 1452 3385 ut

277 3429 323 3493 ibi
350 3430 451 3493 multo
476 3429 594 3493 melius
620 3447 691 3494 cum
717 3429 841 3493 ceteris
865 3429 912 3492 sit
936 3445 1094 3491 conexum
1120 3445 1216 3504 quam
1234 3427 1291 3491 ubi
1313 3427 1450 3510 legitur,

276 3547 353 3617 post
388 3539 570 3616 stropham.
618 3538 731 3602 Verba
765 3537 852 3601 enim
887 3535 1118 3612 antistrophae
1142 3533 1264 3598 tertiae
1292 3540 1347 3613 „et
1370 3540 1451 3597 tuno

275 3647 445 3727 luppiter,
470 3647 499 3710 si
524 3644 712 3723 perdiderit
724 3643 823 3709 Jonis
846 3643 1040 3722 progeniem
1066 3659 1105 3705 eo
1130 3640 1217 3719 qnod
1241 3659 1328 3705 nnnc
1352 3659 1450 3704 aures

276 3754 412 3835 avertit,
449 3753 483 3818 in
520 3770 620 3817 causa
654 3770 719 3816 non
755 3751 845 3816 iusta
881 3747 1167 3827 deprehendetur“
1205 3767 1270 3812 uon
1302 3765 1341 3811 ea
1365 3766 1449 3826 quae

277 3879 486 3886 --..--.--—-

383 3942 410 4015 1)
430 3946 498 4014 Alii,
519 3952 551 4000 ut
570 3945 716 4001 Oberdick
745 3942 1038 4014 (ed.supp1.‚1869t‚
1066 3943 1234 3999 solvendam
1263 3957 1328 3994 esse
1347 3958 1363 3993 a
1382 3959 1450 3994 eon·

276 4038 437 4091 structione
457 4042 618 4091 ceterorum
637 4036 883 4090 constructionem
904 4032 1049 4102 ephymnii
1069 4036 1173 4100 putant
1200 4035 1373 4099 poetamqne
1404 4030 1449 4083 hio

277 4125 450 4180 infinitivum
467 4125 632 4180 absolutum
651 4126 781 4193 optative
804 4123 945 4192 posuisse,
965 4127 997 4173 ut
1018 4118 1097 4190 Sept.
1109 4120 1161 4172 239
1181 4119 1243 4172 θεοί
1268 4121 1385 4184 πολῖται,
1408 4113 1450 4190 μή

274 4235 312 4289 με
333 4215 457 4271 δουλείας
476 4219 580 4283 τυχεῖν.
607 4213 692 4278 Quod
711 4212 736 4266 si
755 4211 797 4280 fit,
816 4229 918 4266 sensus
938 4217 1033 4264 tamen
1056 4226 1182 4263 conexus
1200 4209 1359 4262 artissimas
1379 4214 1433 4262 est.
