3112 4890
645 252 860 311 ,11-

166 442 326 522 potuerit‚
363 450 399 506 ut
435 442 642 508 continuatio
672 443 860 508 sententiae
890 445 1083 509 intermisso
1108 446 1285 526 ephymnio
1309 466 1340 512 v.

169 555 252 613 1036
289 547 510 626 impediretur
545 556 579 613 et
614 560 651 614 ut
690 551 962 628 imperativarum
998 550 1178 615 formarum
1218 554 1341 618 relatio

167 664 327 734 perpetuo
358 664 448 719 esset
476 656 631 720 mutanda
660 677 724 721 non
754 666 893 735 apparet
922 659 988 722 nisi
1017 659 1151 722 aliunde
1181 661 1276 737 quasi
1302 679 1342 724 ex

168 763 347 840 improviso
373 763 631 828 acclamationes
656 765 783 828 succini
808 772 974 842 putamus,
1014 766 1196 830 Praconem
1222 767 1340 831 sicum

167 869 375 933 Kirchhoifio
404 869 655 951 introducimus,
686 890 765 935 sane
795 880 1026 949 exspectamus
1054 870 1127 936 iore
1157 879 1194 936 ut
1217 873 1342 938 iussum

167 977 240 1040 eius
253 975 447 1054 perficiatur
460 978 714 1057 excipiaturqua
727 973 892 1058 όλολογμῷ
905 979 1018 1057 populi
1033 976 1173 1060 (v.1044
1186 978 1342 1062 441448).

167 1084 327 1148 Fortasse
352 1084 488 1164 excidit,
513 1084 571 1148 sed
596 1086 695 1150 etiam
722 1105 854 1150 causam
884 1104 981 1164 quam
1011 1085 1140 1164 profert
1165 1088 1340 1151 Wecklein

168 1209 227 1255 aur
250 1190 285 1254 id
308 1210 372 1254 non
397 1191 455 1255 fiat
480 1191 610 1272 (Jahrb.
636 1193 657 1255 l.
676 1194 697 1255 l.
716 1213 745 1271 p.
770 1191 847 1275 224)
874 1191 1028 1256 sufficere
1064 1194 1234 1273 existimo;
1261 1193 1342 1259 dicit

167 1299 253 1362 enim
290 1317 362 1362 cum
395 1306 471 1375 post
507 1300 609 1364 verba
643 1294 820 1372 ὀλολύξατε
856 1301 915 1360 νῦν
954 1296 1012 1361 ἐπὶ
1037 1297 1194 1377 ’μολπαῖς
1222 1320 1340 1379 agmen

168 1413 275 1486 exeat,
312 1405 455 1483 speciem
492 1407 646 1484 praeberi
690 1409 784 1485 quasi
834 1417 954 1486 pergat
1002 1414 1119 1471 cantus
1160 1415 1342 1486 posteaque

168 1519 381 1590 exspectatae
394 1532 494 1577 voces
513 1515 581 1578 sint
602 1523 790 1579 secuturae.
815 1515 896 1578 Nam
911 1516 1144 1592 imperativum
1160 1505 1342 1594 εὐφαμεῖτε

167 1621 229 1684 4411
254 1620 397 1683 clamore
431 1628 604 1698 exceptum
637 1639 710 1684 4444
740 1640 804 1685 non
834 1623 1058 1686 necessarium
1091 1629 1152 1693 est,
1179 1620 1341 1701 siquidem

167 1728 302 1792 verbum
339 1720 502 1808 εὐφημεῖν
537 1747 599 1790 non
639 1729 732 1792 modo
763 1729 931 1807 significat
958 1730 1068 1807 „laeta
1092 1730 1195 1794 verba
1219 1728 1341 1810 fauere,

167 1834 254 1898 laeta
279 1836 418 1898 sonare“
446 1835 498 1912 (ut
524 1838 584 1912 Ag.
600 1842 656 1919 28;
687 1840 766 1913 641;
796 1837 993 1917 1444342),
1023 1835 1208 1900 sedetiam
1235 1837 1340 1915 „male

169 1940 322 2005 ominatis
357 1942 592 2020 abstinerent
642 1944 688 2006 At
722 1950 896 2020 praestare
931 1942 1008 2006 nini
1046 1943 1178 2008 videtur
1212 1943 1266 2006 hic
1302 1942 1341 2007 de

168 2065 331 2125 praecone
368 2050 500 2112 omnino
535 2068 598 2112 non
634 2050 795 2128 cogitari3
832 2069 904 2113 nam
942 2057 976 2114 44
1011 2049 1050 2113 ad
1082 2051 1146 2114 vim
1173 2050 1341 2130 ephymnii

168 2155 446 2219 accommodatius
476 2163 510 2219 et
538 2156 579 2220 ad
608 2164 814 2235 praesentem
845 2165 966 2221 statum
991 2175 1107 2251 'rerum
1138 2157 1249 2234 aptius
1279 2163 1341 2236 est,

168 2263 196 2326 si
222 2264 400 2328 universus
436 2265 530 2341 quasi
566 2266 708 2342 pupulus
744 2265 863 2330 subitis
900 2264 1197 2329 acclamationibus
1226 2281 1341 2329 vocem

169 2371 323 2435 comitum
360 2371 584 2452 interrumpit,
621 2381 657 2436 ut
693 2373 858 2450 exprimat
893 2379 1017 2450 quanta
1044 2372 1211 2451 religione
1240 2390 1342 2449 quan-

167 2485 267 2555 taque
302 2477 435 2542 laetitia
468 2496 618 2555 pompam
654 2480 846 2542 exeuntium
888 2479 1065 2542 Furiarum
1106 2485 1341 2556 prosequatur.

169 2585 229 2649 Oui
265 2585 316 2648 rai
351 2604 416 2649 non
452 2587 547 2650 obest
582 2586 725 2650 secunda
761 2586 953 2664 imperativi
982 2604 1140 2663 persona;
1170 2586 1229 2649 alii
1254 2586 1340 2649 enim

168 2691 250 2755 41144
264 2692 496 2772 adhortantur,
514 2702 551 2757 ut
564 2694 677 2771 Suppl.
698 2699 781 2758 luna
800 2689 849 2754 ἴτε
865 2687 933 2770 μὰν
950 2685 1175 2761 ἀστυάνακτας
1190 2687 1342 2772 μα’καρας

169 2793 276 2879 θεούς,
316 2808 350 2863 44
386 2800 530 2878 Choepln.
572 2806 633 2864 941
675 2791 889 2872 ἐπολολύξατ’
927 2777 951 2858 οἷ
990 2793 1200 2860 δεσποσύνων
1234 2794 1342 2877 δόμων

168 2896 320 2989 ἅναφογᾷ
348 2909 469 2990 κακῶν,
499 2915 543 2988 44,
573 2916 609 2972 ut
637 2909 707 2987 hio,
732 2908 763 2971 ei
793 2909 848 2986 qui
880 2915 1015 2971 cantant
1040 2908 1165 2970 iussum
1190 2924 1229 2969 4ο
1254 2905 1341 2985 quod

167 3014 383 3090 pronuntiant
417 3022 600 3091 praestant.
647 3015 765 3093 Itaque
800 3023 949 3079 statuere
986 3013 1135 3092 cogimur
1158 3014 1254 3093 41144,
1284 3012 1341 3091 qui

168 3122 320 3185 neutrius
356 3122 449 3185 chori
487 3123 564 3201 sint,
602 3141 707 3200 neque
743 3123 919 3186 Furiarum
955 3138 1062 3198 neque
1088 3121 1260 3200 comitum,
1286 3120 1340 3184 hic

168 3245 268 3292 voces
292 3246 368 3291 suas
394 3248 466 3292 eum
491 3229 645 3293 comitum
671 3229 883 3307 coniungere.
921 3228 1034 3306 Neque
1059 3227 1158 3291 ullam
1183 3227 1233 3290 sic
1257 3225 1340 3290 diffi-

169 3335 326 3398 cultatem
357 3337 439 3400 oriri
471 3337 642 3415 existimo,
668 3355 739 3398 cum
770 3335 985 3399 exclamanda
1013 3335 1140 3399 luerint
1172 3352 1340 3413 pmpauca

167 3443 281 3522 verba,
318 3462 401 3521 quac
437 3445 537 3509 etiam
575 3443 763 3507 hominibus
795 3443 941 3507 musicae
977 3444 1062 3507 artis
1087 3443 1194 3506 minus
1219 3442 1339 3520 peritis

169 3549 202 3611 in
226 3548 374 3614 docenda
398 3550 511 3615 fabula
526 3550 582 3616 vix
599 3551 755 3614 maiorem
775 3551 922 3614 laborem
939 3549 1106 3613 atl'errent.
1132 3549 1185 3613 Ita
1207 3556 1338 3613 cantum

168 3672 248 3720 vere
272 3658 465 3734 popularem
491 3666 590 3735 poeta
615 3657 748 3721 videtur
772 3658 826 3720 liic
851 3674 924 3720 esse
949 3655 1109 3719 imitatus.

277 3767 427 3830 Alterum
454 3764 622 3844 ephymnii
651 3764 846 3842 exemplum,
877 3761 963 3841 quod
988 3763 1066 3825 item
1092 3759 1178 3825 haud
1202 3760 1338 3824 multum

169 3874 356 3952 asimplici
382 3873 441 3937 illo
466 3889 590 3952 genere
620 3864 667 3954 (ἰὴ
692 3865 810 3951 παιάν,
839 3871 893 3936 vel
928 3853 952 3929 d
987 3865 1190 3950 dctdpupple)
1225 3868 1338 3950 distat,

169 3983 326 4047 habemus
350 3981 382 4044 in
407 3979 532 4057 parodo
557 3978 824 4057 Agamemnonis.
872 3980 975 4059 Quae,
1001 3986 1037 4042 ut
1060 3984 1172 4041 notum
1203 3983 1268 4058 444,
1299 3995 1339 4040 ex

277 4158 304 4224 1)
325 4158 399 4222 Quin
427 4159 521 4225 utiam,
546 4176 608 4211 eum
632 4159 661 4211 id
685 4156 822 4213 facillime
842 4156 925 4212 fieret
943 4157 1076 4223 tacendo,
1097 4142 1233 4228 εὐφημεῖν
1253 4171 1339 4223 saepe

168 4249 260 4319 ipsius
279 4249 395 4303 tacendi
414 4249 472 4307 vim
491 4253 624 4319 occupat.
