3098 4884
662 249 880 308 ..53-

183 444 381 524 praesertim
407 445 434 508 si
460 443 564 508 verba
587 435 681 523 παρα
705 432 742 501 τὸ
766 439 833 520 φώς
856 434 939 500 ἰδεῖν
962 439 1061 502 huius
1086 437 1120 501 in
1144 434 1241 500 initio
1266 451 1361 498 acce·

184 551 275 632 dunt,
312 551 418 629 ipsum
454 549 611 630 gaudium
645 548 739 613 chori
775 548 913 626 ipsaque
942 534 1085 624 laetitia,
1111 561 1235 607 summa
1259 549 1360 619 atque

183 658 356 738 fastigium
392 659 498 722 totius
535 657 702 737 carminis,
739 656 982 734 exprimuntur.
1035 652 1149 731 Neque
1185 650 1287 714 aliter
1318 647 1360 712 ad

183 766 427 843 antistropham
453 785 473 825 α
497 782 576 842 pars
599 767 620 843 β
643 764 737 842 quasi
762 762 973 843 ephymnium
998 778 1071 825 sese
1096 757 1242 837 applicet
1264 775 1359 834 quam

185 873 225 937 ad
250 873 430 953 stropham,
467 881 501 937 et
537 869 788 948 coniungendae
825 888 896 933 cnm
933 868 1186 945 antistrophay
1220 866 1310 945 parti
1342 866 1362 928 δ

186 980 280 1058 quasi
317 979 494 1060 ephymnio
531 977 748 1042 difficultates
784 978 918 1042 obstant
956 975 1084 1053 nullae,
1125 975 1278 1053 quoniam
1299 975 1360 1038 'ad

185 1086 298 1151 eadem
323 1086 448 1151 tradita
478 1086 582 1152 verba
612 1079 705 1166 παρα
733 1078 770 1144 τὸ
795 1076 869 1162 ’φῶς
893 1078 976 1144 ἰδεῖν
1000 1081 1135 1147 additur
1159 1091 1259 1160 atque
1283 1090 1360 1160 post
1397 1159 1399 1164 ἢ

186 1195 366 1271 stropham
753 1261 755 1263 ,
1176 1175 1179 1181 ’
1444 1175 1446 1179 ’

293 1300 356 1366 Sed
380 1308 491 1365 tamen
515 1308 633 1364 contra
657 1301 739 1363 haec
762 1299 923 1362 nonnulla
947 1298 1059 1362 dicere
1084 1299 1197 1363 liceat.
1243 1298 1363 1362 Potest

187 1410 317 1489 quidem
343 1410 414 1473 illis
439 1408 552 1473 verbis
576 1401 669 1488 παρα
692 1402 729 1466 τὸ
754 1407 821 1485 φῶς
845 1399 928 1466 ἰδεῖν
943 1405 1128 1484 significari
1145 1405 1361 1483 repetendam

186 1537 260 1582 esse
299 1525 404 1582 totam
445 1523 573 1593 partem
613 1513 641 1594 δ,
685 1512 743 1577 sed
778 1531 915 1578 necesse
951 1521 1108 1592 nonest.
1148 1513 1263 1576 Nonne
1287 1513 1359 1578 fieri

186 1625 298 1704 potuit
323 1630 359 1687 ut
383 1630 483 1701 poeta
506 1622 657 1687 brevium
683 1620 936 1686 intercalarium
961 1633 1115 1685 versuum
1148 1637 1271 1698 gonaro
1300 1620 1361 1684 illo

187 1733 242 1796 hic
266 1737 430 1809 uteretur,
469 1728 554 1808 quod
589 1748 608 1792 a
646 1746 737 1792 mera
771 1729 1016 1793 exclamatione
1052 1727 1140 1792 haud
1170 1727 1218 1792 ita
1241 1728 1360 1805 procul

186 1840 292 1919 abest,
312 1844 365 1901 ‘ut
400 1838 433 1902 in
470 1836 688 1901 Eumenidum
723 1834 839 1915 exodo,
875 1836 909 1899 in
941 1836 1199 1913 Agamemnonis
1225 1834 1360 1916 parade,

186 1947 220 2010 in
244 1947 422 2010 Persarum
455 1945 592 2010 stasimo
629 1943 773 2007 secundo
811 1940 864 2024 (de
895 1943 1014 2021 quibus
1046 1943 1130 2007 locis
1164 1960 1265 2020 supra
1295 1941 1361 2005 dis-

188 2053 315 2132 putavi,
339 2071 371 2129 p.
396 2057 425 2131 9,
451 2070 481 2129 p.
508 2056 559 2131 13,
584 2070 614 2129 p.
639 2056 681 2115 20
705 2049 814 2128 sqq.)?
862 2049 957 2132 Quod
981 2050 1031 2113 ita
1054 2051 1193 2127 stropha
1217 2057 1252 2113 et
1276 2050 1362 2113 anti-

188 2160 326 2236 stropha
351 2178 368 2235 γ
390 2167 530 2238 tantum,
570 2177 633 2222 non
674 2176 787 2223 omnes
828 2158 985 2223 carminis
1024 2166 1138 2236 partes
1175 2157 1362 2238 ephymniis

189 2274 326 2329 ornatae
360 2272 451 2346 sunt,
484 2266 647 2329 neminem
680 2264 838 2346 offendet,
867 2284 939 2330 cum
972 2266 1072 2330 etiam
1098 2266 1157 2329 illo
1182 2266 1361 2330 Persarum

188 2374 262 2436 loeo
288 2373 428 2450 primum
452 2371 665 2448 stropharum
690 2389 751 2447 par
776 2378 810 2435 et
839 2372 965 2448 epodus
996 2374 1150 2438 versibus
1182 2374 1361 2437 intercala-

188 2481 282 2543 ribus
316 2486 461 2543 careant.
511 2482 620 2556 Atque
655 2478 718 2542 hoc
750 2497 879 2557 quoque
913 2478 1047 2558 dignum
1078 2488 1157 2558 puto
1188 2479 1273 2558 quod
1306 2481 1363 2543 ob-

188 2594 358 2650 servetur:
398 2587 502 2649 multo
541 2585 704 2663 aptiorem
745 2604 818 2650 esse
857 2586 899 2650 ad
939 2585 1172 2650 declarandum
1205 2587 1361 2666 gaudium

186 2692 417 2771 laetitiamque
452 2693 561 2757 nostri
597 2693 721 2757 cantici
756 2692 916 2757 traditum
954 2694 1026 2757 eius
1057 2694 1152 2757 finem
1184 2713 1278 2772 quam
1305 2696 1362 2773 qni

187 2800 349 2863 statuitur
384 2801 530 2878 repetita
566 2799 707 2879 parte&
740 2795 860 2878 (notae
894 2795 977 2877 ἄγαν
1001 2793 1122 2883 χρόνον
1144 2808 1363 2880 χαμαιπετεῖς

168 2900 312 2968 ’ἔκεισθ’
335 2900 413 2989 αἰεί).
462 2908 542 2972 Nam
582 2908 647 2972 etsi
680 2908 799 2995 ¹deesse
835 2928 899 2973 non
925 2917 1037 2987 potest
1059 2909 1093 2973 in
1117 2910 1179 2974 tali
1205 2911 1363 2991 carmine,

107 3094 110 3098 ι
187 3032 250 3091 quo
268 3015 438 3079 exsultant
455 3015 587 3079 laetitia
611 3017 762 3080 homines
787 3015 944 3081 diuturno
969 3017 1055 3079 malo
1080 3017 1227 3096 liberati,
1256 3017 1365 3095 ipsius

187 3121 265 3184 mali
291 3121 572 3201 commemoratio,
596 3129 709 3186 tamen
734 3123 768 3186 in
792 3122 855 3186 fine
873 3124 980 3187 minus
998 3131 1050 3188 est
1066 3131 1155 3205 apta,
1181 3123 1239 3188 sed
1256 3125 1360 3190 multo

187 3229 307 3293 melius
331 3228 519 3293 revortitur
542 3237 641 3306 poeta
666 3227 707 3292 ad
736 3229 853 3293 bonam
889 3231 1078 3308 praesentis
1107 3233 1269 3310 temporis
1294 3232 1364 3296 for-

186 3344 310 3400 tunam.

291 3463 396 3527 Sensu
432 3461 539 3542 igitur
577 3469 615 3526 ut
651 3463 684 3526 in
720 3457 855 3528 traditis
884 3481 1137 3541 perseveremus
1174 3483 1362 3546 monemur;

187 3568 318 3632 accedit
353 3569 440 3648 quod
476 3571 566 3635 inter
599 3578 714 3648 partes
738 3573 760 3649 β
783 3579 817 3636 ot
841 3570 861 3632 δ
885 3573 1080 3653 responsio,
1118 3591 1213 3651 quam
1249 3574 1278 3636 si
1309 3591 1362 3636 re·

187 3682 326 3753 spuatur
361 3693 473 3739 earum
508 3677 668 3754 repetitio
707 3678 898 3742 necessario
935 3679 1101 3757 postulari
1137 3686 1229 3759 puto,
1263 3679 1364 3744 facile

188 3781 343 3847 officitur.
391 3781 476 3845 Sane
501 3800 578 3860 pars
602 3785 624 3861 tl
645 3783 780 3862 longior
804 3791 856 3848 est
880 3803 976 3863 quam
1000 3803 1078 3863 pars
1102 3784 1121 3846 δ
1148 3786 1258 3863 spatio
1287 3805 1363 3853 ver·

187 3890 303 3953 horum
328 3888 484 3966 δυσοίμου
507 3882 614 3969 τύχας,
639 3889 697 3953 sed
721 3890 757 3954 in
781 3891 905 3954 ceteris
930 3909 1049 3970 magna
1080 3893 1266 3971 aequalitas
1295 3913 1364 3959 mo·

110 4003 111 4007 ’
187 4005 315 4061 trorum
347 3996 515 4076 cernitur,
559 4003 719 4076 quattuor
752 3996 918 4076 utrimque
950 3998 1051 4078 pedes
1084 3999 1227 4065 dochmii
1262 4003 1364 4067 huius

527 4239 529 4243 ’
616 4252 658 4275 v
679 4249 941 4279 vvvvv
