<?xml version="1.0" encoding="UTF-8"?>
<!DOCTYPE html PUBLIC "-//W3C//DTD XHTML 1.0 Transitional//EN"
    "http://www.w3.org/TR/xhtml1/DTD/xhtml1-transitional.dtd">
<html xmlns="http://www.w3.org/1999/xhtml" xml:lang="en" lang="en">
 <head>
  <title>
</title>
<meta http-equiv="Content-Type" content="text/html;charset=utf-8" />
  <meta name='ocr-system' content='tesseract 3.04.00' />
  <meta name='ocr-capabilities' content='ocr_page ocr_carea ocr_par ocr_line ocrx_word'/>
</head>
<body>
  <div class='ocr_page' id='page_1' title='image "./deephymniorumap00schwgoog_0025.png"; bbox 0 0 3112 4890; ppageno 0'>
   <div class='ocr_carea' id='block_1_1' title="bbox 776 229 994 293">
    <p class='ocr_par' dir='ltr' id='par_1_1' title="bbox 776 229 994 293">
     <span class='ocr_line' id='line_1_1' title="bbox 776 229 994 293; baseline -0.037 0"><span class='ocrx_word' id='word_1_1' title='bbox 776 261 815 273; x_wconf 31' lang='lat' dir='ltr'>e·</span> <span class='ocrx_word' id='word_1_2' title='bbox 865 229 906 293; x_wconf 71' lang='lat' dir='ltr'>io</span> <span class='ocrx_word' id='word_1_3' title='bbox 955 261 994 272; x_wconf 35' lang='grc' dir='ltr'><em>Δ</em></span> 
     </span>
    </p>
   </div>
   <div class='ocr_carea' id='block_1_2' title="bbox 280 419 1510 4248">
    <p class='ocr_par' dir='ltr' id='par_1_2' title="bbox 280 419 1510 3287">
     <span class='ocr_line' id='line_1_2' title="bbox 296 419 1475 509; baseline 0.001 -21"><span class='ocrx_word' id='word_1_4' title='bbox 296 419 337 489; x_wconf 91' lang='lat' dir='ltr'>ad</span> <span class='ocrx_word' id='word_1_5' title='bbox 377 425 498 490; x_wconf 83' lang='lat' dir='ltr'>Aesch.</span> <span class='ocrx_word' id='word_1_6' title='bbox 539 441 569 506; x_wconf 88' lang='lat' dir='ltr'>p.</span> <span class='ocrx_word' id='word_1_7' title='bbox 587 429 659 502; x_wconf 74' lang='lat'><strong>132)</strong></span> <span class='ocrx_word' id='word_1_8' title='bbox 700 426 783 490; x_wconf 86' lang='lat' dir='ltr'>dicit</span> <span class='ocrx_word' id='word_1_9' title='bbox 814 426 929 490; x_wconf 88' lang='lat' dir='ltr'>mirum</span> <span class='ocrx_word' id='word_1_10' title='bbox 966 445 1052 509; x_wconf 90' lang='lat' dir='ltr'>esse,</span> <span class='ocrx_word' id='word_1_11' title='bbox 1078 427 1106 491; x_wconf 90' lang='lat' dir='ltr'>si</span> <span class='ocrx_word' id='word_1_12' title='bbox 1133 435 1209 508; x_wconf 89' lang='lat' dir='ltr'>post</span> <span class='ocrx_word' id='word_1_13' title='bbox 1233 426 1335 489; x_wconf 79' lang='grc' dir='ltr'><em>διπλοῖ</em></span> <span class='ocrx_word' id='word_1_14' title='bbox 1359 426 1475 509; x_wconf 73' lang='grc' dir='ltr'><em>λέγειν,</em></span> 
     </span>
     <span class='ocr_line' id='line_1_3' title="bbox 296 523 1474 612; baseline 0.005 -20"><span class='ocrx_word' id='word_1_15' title='bbox 296 529 400 592; x_wconf 77' lang='grc' dir='ltr'><em>διπλᾶ</em></span> <span class='ocrx_word' id='word_1_16' title='bbox 458 523 569 612; x_wconf 78' lang='grc' dir='ltr'><em>δ’ὰρὰο</em></span> <span class='ocrx_word' id='word_1_17' title='bbox 632 532 770 596; x_wconf 90' lang='lat' dir='ltr'>duorum</span> <span class='ocrx_word' id='word_1_18' title='bbox 832 552 987 599; x_wconf 89' lang='lat' dir='ltr'>versuum</span> <span class='ocrx_word' id='word_1_19' title='bbox 1040 533 1220 599; x_wconf 85' lang='lat' dir='ltr'>intervallo</span> <span class='ocrx_word' id='word_1_20' title='bbox 1281 537 1474 599; x_wconf 86' lang='lat' dir='ltr'>intermisso</span> 
     </span>
     <span class='ocr_line' id='line_1_4' title="bbox 296 629 1473 722; baseline 0.004 -20"><span class='ocrx_word' id='word_1_21' title='bbox 296 648 395 718; x_wconf 91' lang='lat' dir='ltr'>poeta</span> <span class='ocrx_word' id='word_1_22' title='bbox 427 640 636 720; x_wconf 85' lang='lat' dir='ltr'>perrexisset</span> <span class='ocrx_word' id='word_1_23' title='bbox 667 629 746 700; x_wconf 99' lang='grc' dir='ltr'><em>ὀλοὰ</em></span> <span class='ocrx_word' id='word_1_24' title='bbox 777 638 892 720; x_wconf 75' lang='grc' dir='ltr'><em>λέγειν,</em></span> <span class='ocrx_word' id='word_1_25' title='bbox 918 631 996 701; x_wconf 92' lang='grc' dir='ltr'><em>ὀλοὰ</em></span> <span class='ocrx_word' id='word_1_26' title='bbox 1022 630 1145 722; x_wconf 77' lang='grc' dir='ltr'><em>δ’ὀρᾶν,</em></span> <span class='ocrx_word' id='word_1_27' title='bbox 1170 643 1286 721; x_wconf 87' lang='lat' dir='ltr'>probo,</span> <span class='ocrx_word' id='word_1_28' title='bbox 1311 650 1417 721; x_wconf 89' lang='lat' dir='ltr'>ratus,</span> <span class='ocrx_word' id='word_1_29' title='bbox 1443 643 1473 706; x_wconf 86' lang='lat' dir='ltr'>si</span> 
     </span>
     <span class='ocr_line' id='line_1_5' title="bbox 295 747 1472 829; baseline 0.003 -21"><span class='ocrx_word' id='word_1_30' title='bbox 295 747 345 809; x_wconf 90' lang='lat' dir='ltr'>ita</span> <span class='ocrx_word' id='word_1_31' title='bbox 369 755 469 827; x_wconf 89' lang='lat' dir='ltr'>esset,</span> <span class='ocrx_word' id='word_1_32' title='bbox 495 753 625 826; x_wconf 91' lang='lat' dir='ltr'>poetam</span> <span class='ocrx_word' id='word_1_33' title='bbox 651 747 745 810; x_wconf 92' lang='lat' dir='ltr'>utin</span> <span class='ocrx_word' id='word_1_34' title='bbox 770 747 909 826; x_wconf 88' lang='lat' dir='ltr'>stropha</span> <span class='ocrx_word' id='word_1_35' title='bbox 934 748 981 810; x_wconf 92' lang='lat' dir='ltr'>ita</span> <span class='ocrx_word' id='word_1_36' title='bbox 1006 748 1039 811; x_wconf 92' lang='lat' dir='ltr'>in</span> <span class='ocrx_word' id='word_1_37' title='bbox 1064 748 1287 829; x_wconf 77' lang='lat' dir='ltr'>antistropha,</span> <span class='ocrx_word' id='word_1_38' title='bbox 1313 767 1383 812; x_wconf 92' lang='lat' dir='ltr'>cum</span> <span class='ocrx_word' id='word_1_39' title='bbox 1405 756 1472 812; x_wconf 90' lang='lat' dir='ltr'>tam</span> 
     </span>
     <span class='ocr_line' id='line_1_6' title="bbox 298 854 1473 936; baseline 0.004 -20"><span class='ocrx_word' id='word_1_40' title='bbox 298 872 415 930; x_wconf 85' lang='lat' dir='ltr'>magna</span> <span class='ocrx_word' id='word_1_41' title='bbox 438 854 502 918; x_wconf 89' lang='lat' dir='ltr'>toti</span> <span class='ocrx_word' id='word_1_42' title='bbox 534 855 617 919; x_wconf 92' lang='lat' dir='ltr'>insit</span> <span class='ocrx_word' id='word_1_43' title='bbox 649 854 788 918; x_wconf 82' lang='lat' dir='ltr'><strong>carmini</strong></span> <span class='ocrx_word' id='word_1_44' title='bbox 820 855 1007 933; x_wconf 83' lang='lat' dir='ltr'>aequalitas</span> <span class='ocrx_word' id='word_1_45' title='bbox 1037 863 1137 933; x_wconf 92' lang='lat' dir='ltr'>atque</span> <span class='ocrx_word' id='word_1_46' title='bbox 1164 856 1349 936; x_wconf 82' lang='lat' dir='ltr'>responsio,</span> <span class='ocrx_word' id='word_1_47' title='bbox 1374 875 1473 921; x_wconf 86' lang='lat' dir='ltr'>voca·</span> 
     </span>
     <span class='ocr_line' id='line_1_7' title="bbox 295 952 1470 1047; baseline 0.003 -23"><span class='ocrx_word' id='word_1_48' title='bbox 295 961 373 1024; x_wconf 90' lang='lat' dir='ltr'>bula</span> <span class='ocrx_word' id='word_1_49' title='bbox 408 959 515 1037; x_wconf 77' lang='grc' dir='ltr'><em>λέγειν</em></span> <span class='ocrx_word' id='word_1_50' title='bbox 551 969 585 1025; x_wconf 91' lang='lat' dir='ltr'>et</span> <span class='ocrx_word' id='word_1_51' title='bbox 620 952 701 1042; x_wconf 81' lang='grc' dir='ltr'><em>ὀροῖν</em></span> <span class='ocrx_word' id='word_1_52' title='bbox 736 962 959 1041; x_wconf 89' lang='lat' dir='ltr'>repetiturum</span> <span class='ocrx_word' id='word_1_53' title='bbox 994 960 1117 1047; x_wconf 77' lang='lat' dir='ltr'>fuisse3</span> <span class='ocrx_word' id='word_1_54' title='bbox 1157 963 1244 1042; x_wconf 93' lang='lat' dir='ltr'>quod</span> <span class='ocrx_word' id='word_1_55' title='bbox 1279 982 1343 1027; x_wconf 92' lang='lat' dir='ltr'>non</span> <span class='ocrx_word' id='word_1_56' title='bbox 1376 962 1470 1044; x_wconf 82' lang='lat' dir='ltr'>iecit,</span> 
     </span>
     <span class='ocr_line' id='line_1_8' title="bbox 295 1062 1470 1150; baseline -0.003 -19"><span class='ocrx_word' id='word_1_57' title='bbox 295 1067 460 1146; x_wconf 79' lang='lat' dir='ltr'>siquidem</span> <span class='ocrx_word' id='word_1_58' title='bbox 500 1087 530 1134; x_wconf 88' lang='lat' dir='ltr'>v.</span> <span class='ocrx_word' id='word_1_59' title='bbox 573 1073 674 1150; x_wconf 63' lang='lat' dir='ltr'><em>973s4</em></span> <span class='ocrx_word' id='word_1_60' title='bbox 735 1068 863 1145; x_wconf 87' lang='lat' dir='ltr'>legitur</span> <span class='ocrx_word' id='word_1_61' title='bbox 908 1062 1014 1129; x_wconf 75' lang='grc' dir='ltr'><em>τάλαν</em></span> <span class='ocrx_word' id='word_1_62' title='bbox 1050 1072 1148 1147; x_wconf 77' lang='grc' dir='ltr'><em>γένος,</em></span> <span class='ocrx_word' id='word_1_63' title='bbox 1197 1065 1300 1131; x_wconf 78' lang='grc' dir='ltr'><em>τάλαν</em></span> <span class='ocrx_word' id='word_1_64' title='bbox 1347 1065 1470 1138; x_wconf 65' lang='grc' dir='ltr'><em>πόθος,</em></span> 
     </span>
     <span class='ocr_line' id='line_1_9' title="bbox 296 1175 1471 1259; baseline 0.003 -21"><span class='ocrx_word' id='word_1_65' title='bbox 296 1175 341 1240; x_wconf 75' lang='lat' dir='ltr'>itt</span> <span class='ocrx_word' id='word_1_66' title='bbox 381 1175 467 1253; x_wconf 89' lang='lat' dir='ltr'>quod</span> <span class='ocrx_word' id='word_1_67' title='bbox 498 1176 712 1256; x_wconf 89' lang='lat' dir='ltr'>protulerunt</span> <span class='ocrx_word' id='word_1_68' title='bbox 745 1175 911 1239; x_wconf 87' lang='lat' dir='ltr'>Hermann</span> <span class='ocrx_word' id='word_1_69' title='bbox 938 1183 972 1239; x_wconf 92' lang='lat' dir='ltr'>et</span> <span class='ocrx_word' id='word_1_70' title='bbox 997 1177 1172 1256; x_wconf 90' lang='lat' dir='ltr'>Westphal</span> <span class='ocrx_word' id='word_1_71' title='bbox 1193 1175 1266 1259; x_wconf 80' lang='lat' dir='ltr'>(qui</span> <span class='ocrx_word' id='word_1_72' title='bbox 1292 1196 1331 1241; x_wconf 87' lang='lat' dir='ltr'>ex</span> <span class='ocrx_word' id='word_1_73' title='bbox 1358 1178 1471 1242; x_wconf 88' lang='lat' dir='ltr'>verbis</span> 
     </span>
     <span class='ocr_line' id='line_1_10' title="bbox 295 1282 1466 1365; baseline 0.003 -21"><span class='ocrx_word' id='word_1_74' title='bbox 295 1282 413 1362; x_wconf 90' lang='lat' dir='ltr'>proodi</span> <span class='ocrx_word' id='word_1_75' title='bbox 431 1284 619 1347; x_wconf 88' lang='lat' dir='ltr'>coniunctis</span> <span class='ocrx_word' id='word_1_76' title='bbox 645 1301 716 1346; x_wconf 90' lang='lat' dir='ltr'>cum</span> <span class='ocrx_word' id='word_1_77' title='bbox 736 1282 960 1363; x_wconf 89' lang='lat' dir='ltr'>compluribus</span> <span class='ocrx_word' id='word_1_78' title='bbox 978 1282 1076 1363; x_wconf 90' lang='lat' dir='ltr'>epodi</span> <span class='ocrx_word' id='word_1_79' title='bbox 1094 1284 1234 1363; x_wconf 93' lang='lat' dir='ltr'>primum</span> <span class='ocrx_word' id='word_1_80' title='bbox 1253 1286 1466 1365; x_wconf 86' lang='lat' dir='ltr'>stropharum</span> 
     </span>
     <span class='ocr_line' id='line_1_11' title="bbox 296 1388 1467 1470; baseline 0.002 -19"><span class='ocrx_word' id='word_1_81' title='bbox 296 1404 355 1467; x_wconf 93' lang='lat' dir='ltr'>par</span> <span class='ocrx_word' id='word_1_82' title='bbox 391 1388 524 1453; x_wconf 83' lang='lat' dir='ltr'>efficere</span> <span class='ocrx_word' id='word_1_83' title='bbox 561 1396 700 1453; x_wconf 90' lang='lat' dir='ltr'>conatus</span> <span class='ocrx_word' id='word_1_84' title='bbox 735 1397 852 1453; x_wconf 88' lang='lat' dir='ltr'>nostra</span> <span class='ocrx_word' id='word_1_85' title='bbox 888 1391 991 1455; x_wconf 90' lang='lat' dir='ltr'>verba</span> <span class='ocrx_word' id='word_1_86' title='bbox 1028 1391 1060 1453; x_wconf 91' lang='lat' dir='ltr'>in</span> <span class='ocrx_word' id='word_1_87' title='bbox 1096 1391 1338 1470; x_wconf 84' lang='lat' dir='ltr'>antistropham</span> <span class='ocrx_word' id='word_1_88' title='bbox 1377 1410 1467 1454; x_wconf 91' lang='lat' dir='ltr'>suam</span> 
     </span>
     <span class='ocr_line' id='line_1_12' title="bbox 295 1494 1473 1578; baseline 0.002 -20"><span class='ocrx_word' id='word_1_89' title='bbox 295 1496 432 1574; x_wconf 90' lang='lat' dir='ltr'>primam</span> <span class='ocrx_word' id='word_1_90' title='bbox 464 1494 616 1576; x_wconf 88' lang='lat' dir='ltr'>recipit),</span> <span class='ocrx_word' id='word_1_91' title='bbox 649 1515 688 1559; x_wconf 89' lang='lat' dir='ltr'>ea</span> <span class='ocrx_word' id='word_1_92' title='bbox 720 1498 963 1561; x_wconf 91' lang='lat' dir='ltr'>sententiarum</span> <span class='ocrx_word' id='word_1_93' title='bbox 989 1499 1160 1562; x_wconf 89' lang='lat' dir='ltr'>contextui</span> <span class='ocrx_word' id='word_1_94' title='bbox 1186 1498 1283 1578; x_wconf 87' lang='lat' dir='ltr'>epodi</span> <span class='ocrx_word' id='word_1_95' title='bbox 1307 1517 1373 1562; x_wconf 92' lang='lat' dir='ltr'>non</span> <span class='ocrx_word' id='word_1_96' title='bbox 1398 1517 1473 1560; x_wconf 91' lang='lat' dir='ltr'>cou-</span> 
     </span>
     <span class='ocr_line' id='line_1_13' title="bbox 296 1603 1474 1685; baseline 0.002 -18"><span class='ocrx_word' id='word_1_97' title='bbox 296 1603 413 1667; x_wconf 89' lang='lat' dir='ltr'>venirc</span> <span class='ocrx_word' id='word_1_98' title='bbox 431 1620 569 1681; x_wconf 92' lang='lat' dir='ltr'>eumque</span> <span class='ocrx_word' id='word_1_99' title='bbox 587 1603 842 1684; x_wconf 87' lang='lat' dir='ltr'>interrumpere,</span> <span class='ocrx_word' id='word_1_100' title='bbox 859 1605 941 1667; x_wconf 92' lang='lat' dir='ltr'>mihi</span> <span class='ocrx_word' id='word_1_101' title='bbox 958 1604 1159 1683; x_wconf 88' lang='lat' dir='ltr'>persuadere</span> <span class='ocrx_word' id='word_1_102' title='bbox 1188 1624 1253 1668; x_wconf 93' lang='lat' dir='ltr'>non</span> <span class='ocrx_word' id='word_1_103' title='bbox 1282 1615 1474 1685; x_wconf 85' lang='lat' dir='ltr'>potueruut.</span> 
     </span>
     <span class='ocr_line' id='line_1_14' title="bbox 296 1709 1474 1789; baseline 0.003 -17"><span class='ocrx_word' id='word_1_104' title='bbox 296 1710 378 1773; x_wconf 91' lang='lat' dir='ltr'>Nam</span> <span class='ocrx_word' id='word_1_105' title='bbox 402 1717 635 1789; x_wconf 87' lang='lat' dir='ltr'>praeterquam</span> <span class='ocrx_word' id='word_1_106' title='bbox 671 1709 757 1787; x_wconf 91' lang='lat' dir='ltr'>quod</span> <span class='ocrx_word' id='word_1_107' title='bbox 782 1710 816 1772; x_wconf 96' lang='lat' dir='ltr'>in</span> <span class='ocrx_word' id='word_1_108' title='bbox 841 1728 965 1773; x_wconf 90' lang='lat' dir='ltr'>summo</span> <span class='ocrx_word' id='word_1_109' title='bbox 991 1710 1106 1774; x_wconf 88' lang='lat' dir='ltr'>dolore</span> <span class='ocrx_word' id='word_1_110' title='bbox 1132 1714 1372 1776; x_wconf 92' lang='lat' dir='ltr'>sententiarum</span> <span class='ocrx_word' id='word_1_111' title='bbox 1399 1731 1474 1775; x_wconf 93' lang='lat' dir='ltr'>con-</span> 
     </span>
     <span class='ocr_line' id='line_1_15' title="bbox 294 1816 1473 1895; baseline 0.003 -17"><span class='ocrx_word' id='word_1_112' title='bbox 294 1817 497 1882; x_wconf 88' lang='lat' dir='ltr'>secutionem</span> <span class='ocrx_word' id='word_1_113' title='bbox 525 1817 644 1880; x_wconf 91' lang='lat' dir='ltr'>stricte</span> <span class='ocrx_word' id='word_1_114' title='bbox 680 1816 720 1880; x_wconf 90' lang='lat' dir='ltr'>ad</span> <span class='ocrx_word' id='word_1_115' title='bbox 753 1817 897 1895; x_wconf 82' lang='lat' dir='ltr'>logicam</span> <span class='ocrx_word' id='word_1_116' title='bbox 922 1819 1085 1882; x_wconf 90' lang='lat' dir='ltr'>rationem</span> <span class='ocrx_word' id='word_1_117' title='bbox 1113 1818 1392 1882; x_wconf 78' lang='lat' dir='ltr'>accommodatam</span> <span class='ocrx_word' id='word_1_118' title='bbox 1419 1838 1473 1881; x_wconf 83' lang='lat' dir='ltr'>ex-</span> 
     </span>
     <span class='ocr_line' id='line_1_16' title="bbox 294 1922 1473 2004; baseline 0.001 -18"><span class='ocrx_word' id='word_1_119' title='bbox 294 1932 447 2002; x_wconf 87' lang='lat' dir='ltr'>spectare</span> <span class='ocrx_word' id='word_1_120' title='bbox 484 1942 549 1987; x_wconf 92' lang='lat' dir='ltr'>nou</span> <span class='ocrx_word' id='word_1_121' title='bbox 586 1922 760 2004; x_wconf 85' lang='lat' dir='ltr'>debemus,</span> <span class='ocrx_word' id='word_1_122' title='bbox 798 1924 852 1987; x_wconf 91' lang='lat' dir='ltr'>hic</span> <span class='ocrx_word' id='word_1_123' title='bbox 885 1924 967 1988; x_wconf 92' lang='lat' dir='ltr'>nihil</span> <span class='ocrx_word' id='word_1_124' title='bbox 992 1925 1156 1989; x_wconf 88' lang='lat' dir='ltr'>rationem</span> <span class='ocrx_word' id='word_1_125' title='bbox 1183 1924 1330 1988; x_wconf 83' lang='lat' dir='ltr'>offendit.</span> <span class='ocrx_word' id='word_1_126' title='bbox 1378 1926 1473 1987; x_wconf 86' lang='lat' dir='ltr'>Post-</span> 
     </span>
     <span class='ocr_line' id='line_1_17' title="bbox 280 2021 1472 2111; baseline -0.001 -19"><span class='ocrx_word' id='word_1_127' title='bbox 280 2021 394 2108; x_wconf 86' lang='lat' dir='ltr'>&#39;quam</span> <span class='ocrx_word' id='word_1_128' title='bbox 419 2030 502 2094; x_wconf 88' lang='lat' dir='ltr'>euim</span> <span class='ocrx_word' id='word_1_129' title='bbox 529 2049 663 2094; x_wconf 90' lang='lat' dir='ltr'>sorores</span> <span class='ocrx_word' id='word_1_130' title='bbox 688 2029 846 2095; x_wconf 84' lang='lat' dir='ltr'>dixerunt</span> <span class='ocrx_word' id='word_1_131' title='bbox 869 2030 993 2095; x_wconf 78' lang='lat' dir='ltr'>iratres</span> <span class='ocrx_word' id='word_1_132' title='bbox 1010 2050 1059 2110; x_wconf 90' lang='lat' dir='ltr'>ea,</span> <span class='ocrx_word' id='word_1_133' title='bbox 1085 2049 1168 2108; x_wconf 92' lang='lat' dir='ltr'>quae</span> <span class='ocrx_word' id='word_1_134' title='bbox 1185 2031 1278 2111; x_wconf 86' lang='lat' dir='ltr'>ipsae</span> <span class='ocrx_word' id='word_1_135' title='bbox 1297 2033 1472 2110; x_wconf 89' lang='lat' dir='ltr'>ephymuio</span> 
     </span>
     <span class='ocr_line' id='line_1_18' title="bbox 300 2129 1473 2218; baseline -0.003 -19"><span class='ocrx_word' id='word_1_136' title='bbox 300 2137 618 2218; x_wconf 86' lang='lat' dir='ltr'>pronuntiavissent,</span> <span class='ocrx_word' id='word_1_137' title='bbox 654 2137 713 2200; x_wconf 93' lang='lat' dir='ltr'>illo</span> <span class='ocrx_word' id='word_1_138' title='bbox 749 2138 837 2202; x_wconf 89' lang='lat' dir='ltr'>bello</span> <span class='ocrx_word' id='word_1_139' title='bbox 862 2155 935 2201; x_wconf 91' lang='lat' dir='ltr'>esse</span> <span class='ocrx_word' id='word_1_140' title='bbox 964 2144 1131 2218; x_wconf 85' lang='lat' dir='ltr'>expertos,</span> <span class='ocrx_word' id='word_1_141' title='bbox 1168 2153 1227 2217; x_wconf 91' lang='lat' dir='ltr'>per</span> <span class='ocrx_word' id='word_1_142' title='bbox 1249 2129 1328 2198; x_wconf 91' lang='grc' dir='ltr'><em>ὀλοὰ</em></span> <span class='ocrx_word' id='word_1_143' title='bbox 1355 2137 1473 2218; x_wconf 73' lang='grc' dir='ltr'><em>λέγειν,</em></span> 
     </span>
     <span class='ocr_line' id='line_1_19' title="bbox 293 2235 1472 2335; baseline 0.003 -31"><span class='ocrx_word' id='word_1_144' title='bbox 293 2236 375 2335; x_wconf 61' lang='grc' dir='ltr'><em>θ’λοὰ</em></span> <span class='ocrx_word' id='word_1_145' title='bbox 401 2235 512 2324; x_wconf 79' lang='grc' dir='ltr'><em>δ’ὀρὰν</em></span> <span class='ocrx_word' id='word_1_146' title='bbox 537 2244 642 2308; x_wconf 85' lang='lat' dir='ltr'>denuo</span> <span class='ocrx_word' id='word_1_147' title='bbox 667 2252 772 2309; x_wconf 89' lang='lat' dir='ltr'>totum</span> <span class='ocrx_word' id='word_1_148' title='bbox 800 2263 925 2325; x_wconf 89' lang='lat' dir='ltr'>eorum,</span> <span class='ocrx_word' id='word_1_149' title='bbox 951 2246 1008 2323; x_wconf 91' lang='lat' dir='ltr'>qui</span> <span class='ocrx_word' id='word_1_150' title='bbox 1033 2245 1154 2308; x_wconf 90' lang='lat' dir='ltr'>mortui</span> <span class='ocrx_word' id='word_1_151' title='bbox 1180 2251 1257 2308; x_wconf 88' lang='lat' dir='ltr'>ante</span> <span class='ocrx_word' id='word_1_152' title='bbox 1275 2263 1331 2308; x_wconf 91' lang='lat' dir='ltr'>eas</span> <span class='ocrx_word' id='word_1_153' title='bbox 1352 2246 1472 2324; x_wconf 88' lang='lat' dir='ltr'>iacent,</span> 
     </span>
     <span class='ocr_line' id='line_1_20' title="bbox 299 2351 1472 2432; baseline 0.002 -18"><span class='ocrx_word' id='word_1_154' title='bbox 299 2351 403 2416; x_wconf 84' lang='lat' dir='ltr'>fatum</span> <span class='ocrx_word' id='word_1_155' title='bbox 438 2352 678 2430; x_wconf 82' lang='lat' dir='ltr'>lamentantur3</span> <span class='ocrx_word' id='word_1_156' title='bbox 714 2351 800 2430; x_wconf 93' lang='lat' dir='ltr'>quod</span> <span class='ocrx_word' id='word_1_157' title='bbox 826 2371 898 2415; x_wconf 93' lang='lat' dir='ltr'>oum</span> <span class='ocrx_word' id='word_1_158' title='bbox 923 2352 1015 2430; x_wconf 89' lang='lat' dir='ltr'>genti</span> <span class='ocrx_word' id='word_1_159' title='bbox 1052 2351 1247 2432; x_wconf 88' lang='lat' dir='ltr'>patriaeque</span> <span class='ocrx_word' id='word_1_160' title='bbox 1282 2359 1351 2416; x_wconf 93' lang='lat' dir='ltr'>tum</span> <span class='ocrx_word' id='word_1_161' title='bbox 1371 2354 1472 2431; x_wconf 68' lang='lat' dir='ltr'>vipsis</span> 
     </span>
     <span class='ocr_line' id='line_1_21' title="bbox 294 2450 1510 2538; baseline 0 -17"><span class='ocrx_word' id='word_1_162' title='bbox 294 2459 492 2538; x_wconf 67' lang='lat' dir='ltr'>(sororibus)</span> <span class='ocrx_word' id='word_1_163' title='bbox 518 2458 752 2536; x_wconf 87' lang='lat' dir='ltr'>gravissimum</span> <span class='ocrx_word' id='word_1_164' title='bbox 778 2477 850 2522; x_wconf 87' lang='lat' dir='ltr'>esse</span> <span class='ocrx_word' id='word_1_165' title='bbox 876 2466 1029 2538; x_wconf 80' lang='lat' dir='ltr'>pergunt.</span> <span class='ocrx_word' id='word_1_166' title='bbox 1065 2459 1184 2538; x_wconf 87' lang='lat' dir='ltr'>Itaque</span> <span class='ocrx_word' id='word_1_167' title='bbox 1210 2478 1282 2522; x_wconf 92' lang='lat' dir='ltr'>cum</span> <span class='ocrx_word' id='word_1_168' title='bbox 1300 2458 1472 2523; x_wconf 85' lang='lat' dir='ltr'>difficilius</span> <span class='ocrx_word' id='word_1_169' title='bbox 1505 2450 1510 2457; x_wconf 82' lang='grc'><strong>’</strong></span> 
     </span>
     <span class='ocr_line' id='line_1_22' title="bbox 294 2562 1471 2648; baseline 0 -20"><span class='ocrx_word' id='word_1_170' title='bbox 294 2584 359 2628; x_wconf 94' lang='lat' dir='ltr'>non</span> <span class='ocrx_word' id='word_1_171' title='bbox 395 2566 442 2630; x_wconf 90' lang='lat' dir='ltr'>sit</span> <span class='ocrx_word' id='word_1_172' title='bbox 478 2574 596 2646; x_wconf 86' lang='lat' dir='ltr'>putare</span> <span class='ocrx_word' id='word_1_173' title='bbox 633 2567 716 2629; x_wconf 91' lang='lat' dir='ltr'>haec</span> <span class='ocrx_word' id='word_1_174' title='bbox 752 2566 856 2630; x_wconf 88' lang='lat' dir='ltr'>verba</span> <span class='ocrx_word' id='word_1_175' title='bbox 893 2584 933 2629; x_wconf 86' lang='lat' dir='ltr'>ex</span> <span class='ocrx_word' id='word_1_176' title='bbox 958 2584 989 2632; x_wconf 75' lang='lat' dir='ltr'>v,</span> <span class='ocrx_word' id='word_1_177' title='bbox 1015 2562 1114 2648; x_wconf 71' lang='grc'><strong>98415</strong></span> <span class='ocrx_word' id='word_1_178' title='bbox 1140 2582 1200 2645; x_wconf 91' lang='lat' dir='ltr'>per</span> <span class='ocrx_word' id='word_1_179' title='bbox 1224 2584 1370 2630; x_wconf 86' lang='lat' dir='ltr'>errorem</span> <span class='ocrx_word' id='word_1_180' title='bbox 1398 2585 1471 2630; x_wconf 86' lang='lat' dir='ltr'>esse</span> 
     </span>
     <span class='ocr_line' id='line_1_23' title="bbox 294 2672 1471 2752; baseline 0 -17"><span class='ocrx_word' id='word_1_181' title='bbox 294 2673 441 2752; x_wconf 90' lang='lat' dir='ltr'>repetita</span> <span class='ocrx_word' id='word_1_182' title='bbox 477 2691 574 2750; x_wconf 91' lang='lat' dir='ltr'>quam</span> <span class='ocrx_word' id='word_1_183' title='bbox 600 2690 616 2735; x_wconf 91' lang='lat' dir='ltr'>e</span> <span class='ocrx_word' id='word_1_184' title='bbox 642 2673 780 2751; x_wconf 88' lang='lat' dir='ltr'>stropha</span> <span class='ocrx_word' id='word_1_185' title='bbox 817 2673 851 2736; x_wconf 93' lang='lat' dir='ltr'>in</span> <span class='ocrx_word' id='word_1_186' title='bbox 883 2672 1021 2752; x_wconf 90' lang='lat' dir='ltr'>epodum</span> <span class='ocrx_word' id='word_1_187' title='bbox 1054 2672 1139 2737; x_wconf 85' lang='lat' dir='ltr'>falso</span> <span class='ocrx_word' id='word_1_188' title='bbox 1164 2672 1375 2752; x_wconf 78' lang='lat' dir='ltr'>migravisse,</span> <span class='ocrx_word' id='word_1_189' title='bbox 1400 2691 1471 2736; x_wconf 87' lang='lat' dir='ltr'>reo-</span> 
     </span>
     <span class='ocr_line' id='line_1_24' title="bbox 294 2778 1469 2861; baseline 0 -19"><span class='ocrx_word' id='word_1_190' title='bbox 294 2779 426 2843; x_wconf 89' lang='lat' dir='ltr'>tissime</span> <span class='ocrx_word' id='word_1_191' title='bbox 450 2786 603 2843; x_wconf 87' lang='lat' dir='ltr'>recentes</span> <span class='ocrx_word' id='word_1_192' title='bbox 634 2778 783 2843; x_wconf 88' lang='lat' dir='ltr'>aditores</span> <span class='ocrx_word' id='word_1_193' title='bbox 816 2783 863 2856; x_wconf 83' lang='lat' dir='ltr'>(ut</span> <span class='ocrx_word' id='word_1_194' title='bbox 888 2779 1072 2859; x_wconf 89' lang='lat' dir='ltr'>Kirchhoff,</span> <span class='ocrx_word' id='word_1_195' title='bbox 1100 2779 1284 2859; x_wconf 86' lang='lat' dir='ltr'>Wecklein,</span> <span class='ocrx_word' id='word_1_196' title='bbox 1312 2779 1412 2861; x_wconf 88' lang='lat' dir='ltr'>Weil)</span> <span class='ocrx_word' id='word_1_197' title='bbox 1438 2781 1469 2842; x_wconf 89' lang='lat' dir='ltr'>iu</span> 
     </span>
     <span class='ocr_line' id='line_1_25' title="bbox 294 2883 1470 2966; baseline -0.002 -16"><span class='ocrx_word' id='word_1_198' title='bbox 294 2886 506 2966; x_wconf 87' lang='lat' dir='ltr'>antistropha</span> <span class='ocrx_word' id='word_1_199' title='bbox 530 2887 661 2949; x_wconf 92' lang='lat' dir='ltr'>omnino</span> <span class='ocrx_word' id='word_1_200' title='bbox 687 2904 727 2949; x_wconf 92' lang='lat' dir='ltr'>ea</span> <span class='ocrx_word' id='word_1_201' title='bbox 750 2887 970 2950; x_wconf 86' lang='lat' dir='ltr'>sustulerunt.</span> <span class='ocrx_word' id='word_1_202' title='bbox 1008 2883 1101 2966; x_wconf 77' lang='lat' dir='ltr'>Quod</span> <span class='ocrx_word' id='word_1_203' title='bbox 1123 2887 1322 2950; x_wconf 84' lang='lat' dir='ltr'>scholiastes</span> <span class='ocrx_word' id='word_1_204' title='bbox 1341 2905 1470 2965; x_wconf 87' lang='lat' dir='ltr'>quoque</span> 
     </span>
     <span class='ocr_line' id='line_1_26' title="bbox 295 2982 1470 3071; baseline -0.003 -15"><span class='ocrx_word' id='word_1_205' title='bbox 295 2992 521 3071; x_wconf 76' lang='lat' dir='ltr'>commendat,</span> <span class='ocrx_word' id='word_1_206' title='bbox 545 3012 618 3057; x_wconf 88' lang='lat' dir='ltr'>nam</span> <span class='ocrx_word' id='word_1_207' title='bbox 644 2993 807 3057; x_wconf 86' lang='lat' dir='ltr'>scholium</span> <span class='ocrx_word' id='word_1_208' title='bbox 825 2986 903 3054; x_wconf 89' lang='grc' dir='ltr'><em>ὀλοὰ</em></span> <span class='ocrx_word' id='word_1_209' title='bbox 920 2990 1040 3069; x_wconf 67' lang='lat' dir='ltr'>laycae:</span> <span class='ocrx_word' id='word_1_210' title='bbox 1067 2982 1107 3053; x_wconf 90' lang='grc' dir='ltr'><em>οό</em></span> <span class='ocrx_word' id='word_1_211' title='bbox 1123 2988 1228 3070; x_wconf 84' lang='grc' dir='ltr'><em>μόνον</em></span> <span class='ocrx_word' id='word_1_212' title='bbox 1243 2994 1347 3053; x_wconf 74' lang='grc' dir='ltr'><em>ταῦτα</em></span> <span class='ocrx_word' id='word_1_213' title='bbox 1363 2992 1470 3070; x_wconf 75' lang='grc' dir='ltr'><em>λέγειν</em></span> 
     </span>
     <span class='ocr_line' id='line_1_27' title="bbox 293 3091 1469 3182; baseline 0.002 -22"><span class='ocrx_word' id='word_1_214' title='bbox 293 3093 383 3181; x_wconf 80' lang='grc' dir='ltr'><em>ὀλοὰ,</em></span> <span class='ocrx_word' id='word_1_215' title='bbox 408 3091 490 3161; x_wconf 84' lang='grc' dir='ltr'><em>ὀλλὰ</em></span> <span class='ocrx_word' id='word_1_216' title='bbox 522 3099 576 3161; x_wconf 87' lang='grc' dir='ltr'>καὶ</span> <span class='ocrx_word' id='word_1_217' title='bbox 607 3092 757 3182; x_wconf 66' lang='grc' dir='ltr'><em>ὁρᾶσθαι·</em></span> <span class='ocrx_word' id='word_1_218' title='bbox 790 3105 894 3161; x_wconf 76' lang='grc' dir='ltr'><em>κεῖται</em></span> <span class='ocrx_word' id='word_1_219' title='bbox 918 3092 978 3181; x_wconf 81' lang='grc' dir='ltr'>γὰρ</span> <span class='ocrx_word' id='word_1_220' title='bbox 1001 3094 1041 3161; x_wconf 79' lang='grc' dir='ltr'>τὰ</span> <span class='ocrx_word' id='word_1_221' title='bbox 1071 3095 1205 3179; x_wconf 78' lang='grc' dir='ltr'><em>σώματα</em></span> <span class='ocrx_word' id='word_1_222' title='bbox 1227 3120 1292 3164; x_wconf 92' lang='lat' dir='ltr'>non</span> <span class='ocrx_word' id='word_1_223' title='bbox 1319 3100 1360 3164; x_wconf 88' lang='lat' dir='ltr'>ad</span> <span class='ocrx_word' id='word_1_224' title='bbox 1385 3102 1469 3164; x_wconf 91' lang='lat' dir='ltr'>anti-</span> 
     </span>
     <span class='ocr_line' id='line_1_28' title="bbox 295 3207 1097 3287; baseline 0.005 -17"><span class='ocrx_word' id='word_1_225' title='bbox 295 3209 476 3287; x_wconf 87' lang='lat' dir='ltr'>stropham,</span> <span class='ocrx_word' id='word_1_226' title='bbox 503 3207 560 3271; x_wconf 87' lang='lat' dir='ltr'>sed</span> <span class='ocrx_word' id='word_1_227' title='bbox 585 3207 626 3271; x_wconf 88' lang='lat' dir='ltr'>ad</span> <span class='ocrx_word' id='word_1_228' title='bbox 652 3207 790 3287; x_wconf 86' lang='lat' dir='ltr'>epodum</span> <span class='ocrx_word' id='word_1_229' title='bbox 816 3213 1008 3272; x_wconf 91' lang='lat' dir='ltr'>annotatum</span> <span class='ocrx_word' id='word_1_230' title='bbox 1034 3215 1097 3275; x_wconf 74' lang='lat' dir='ltr'>est,</span> 
     </span>
    </p>

    <p class='ocr_par' dir='ltr' id='par_1_3' title="bbox 294 3312 1470 4248">
     <span class='ocr_line' id='line_1_29' title="bbox 400 3312 1469 3394; baseline -0.002 -18"><span class='ocrx_word' id='word_1_231' title='bbox 400 3313 439 3376; x_wconf 90' lang='lat' dir='ltr'>In</span> <span class='ocrx_word' id='word_1_232' title='bbox 464 3315 656 3394; x_wconf 81' lang='lat' dir='ltr'>Supplicem</span> <span class='ocrx_word' id='word_1_233' title='bbox 693 3312 806 3377; x_wconf 79' lang='lat' dir='ltr'>fabula</span> <span class='ocrx_word' id='word_1_234' title='bbox 841 3314 892 3377; x_wconf 89' lang='lat' dir='ltr'>bis</span> <span class='ocrx_word' id='word_1_235' title='bbox 929 3322 1028 3394; x_wconf 90' lang='lat' dir='ltr'>poeta</span> <span class='ocrx_word' id='word_1_236' title='bbox 1063 3315 1229 3394; x_wconf 90' lang='lat' dir='ltr'>ephymuii</span> <span class='ocrx_word' id='word_1_237' title='bbox 1267 3331 1357 3376; x_wconf 88' lang='lat' dir='ltr'>more</span> <span class='ocrx_word' id='word_1_238' title='bbox 1391 3331 1469 3376; x_wconf 90' lang='lat' dir='ltr'>usus</span> 
     </span>
     <span class='ocr_line' id='line_1_30' title="bbox 295 3417 1470 3504; baseline -0.001 -21"><span class='ocrx_word' id='word_1_239' title='bbox 295 3429 357 3501; x_wconf 88' lang='lat' dir='ltr'>ost,</span> <span class='ocrx_word' id='word_1_240' title='bbox 382 3421 415 3483; x_wconf 94' lang='lat' dir='ltr'>in</span> <span class='ocrx_word' id='word_1_241' title='bbox 441 3420 565 3500; x_wconf 90' lang='lat' dir='ltr'>parodo</span> <span class='ocrx_word' id='word_1_242' title='bbox 599 3428 633 3484; x_wconf 91' lang='lat' dir='ltr'>et</span> <span class='ocrx_word' id='word_1_243' title='bbox 664 3421 698 3484; x_wconf 94' lang='lat' dir='ltr'>in</span> <span class='ocrx_word' id='word_1_244' title='bbox 723 3421 838 3503; x_wconf 76' lang='grc' dir='ltr'><em>κομμῷ</em></span> <span class='ocrx_word' id='word_1_245' title='bbox 861 3417 951 3504; x_wconf 87' lang='lat' dir='ltr'>(inde</span> <span class='ocrx_word' id='word_1_246' title='bbox 976 3441 996 3485; x_wconf 91' lang='lat' dir='ltr'>a</span> <span class='ocrx_word' id='word_1_247' title='bbox 1019 3441 1050 3487; x_wconf 93' lang='lat' dir='ltr'>v.</span> <span class='ocrx_word' id='word_1_248' title='bbox 1068 3424 1154 3500; x_wconf 74' lang='lat'>832),</span> <span class='ocrx_word' id='word_1_249' title='bbox 1180 3439 1275 3499; x_wconf 88' lang='lat' dir='ltr'>quem</span> <span class='ocrx_word' id='word_1_250' title='bbox 1300 3420 1470 3483; x_wconf 88' lang='lat' dir='ltr'>alternant</span> 
     </span>
     <span class='ocr_line' id='line_1_31' title="bbox 296 3526 1468 3607; baseline -0.001 -17"><span class='ocrx_word' id='word_1_251' title='bbox 296 3526 463 3591; x_wconf 87' lang='lat' dir='ltr'>Danaides</span> <span class='ocrx_word' id='word_1_252' title='bbox 500 3534 534 3590; x_wconf 91' lang='lat' dir='ltr'>et</span> <span class='ocrx_word' id='word_1_253' title='bbox 569 3543 688 3606; x_wconf 89' lang='lat' dir='ltr'>praeco</span> <span class='ocrx_word' id='word_1_254' title='bbox 726 3528 928 3607; x_wconf 63' lang='lat' dir='ltr'>Aegyptius</span> <span class='ocrx_word' id='word_1_255' title='bbox 961 3529 1017 3605; x_wconf 92' lang='lat' dir='ltr'>qui</span> <span class='ocrx_word' id='word_1_256' title='bbox 1043 3546 1114 3591; x_wconf 90' lang='lat' dir='ltr'>cum</span> <span class='ocrx_word' id='word_1_257' title='bbox 1140 3529 1259 3607; x_wconf 87' lang='lat' dir='ltr'>servis,</span> <span class='ocrx_word' id='word_1_258' title='bbox 1285 3533 1321 3590; x_wconf 89' lang='lat' dir='ltr'>ut</span> <span class='ocrx_word' id='word_1_259' title='bbox 1346 3528 1378 3589; x_wconf 90' lang='lat' dir='ltr'>in</span> <span class='ocrx_word' id='word_1_260' title='bbox 1406 3530 1468 3589; x_wconf 85' lang='lat' dir='ltr'>Ae-</span> 
     </span>
     <span class='ocr_line' id='line_1_32' title="bbox 295 3634 1466 3716; baseline -0.001 -18"><span class='ocrx_word' id='word_1_261' title='bbox 295 3642 431 3716; x_wconf 89' lang='lat' dir='ltr'>gyptum</span> <span class='ocrx_word' id='word_1_262' title='bbox 450 3634 527 3698; x_wconf 91' lang='lat' dir='ltr'>illas</span> <span class='ocrx_word' id='word_1_263' title='bbox 543 3634 731 3712; x_wconf 85' lang='lat' dir='ltr'>reduceret,</span> <span class='ocrx_word' id='word_1_264' title='bbox 749 3634 902 3712; x_wconf 83' lang='lat' dir='ltr'>advenit3</span> <span class='ocrx_word' id='word_1_265' title='bbox 921 3653 1016 3713; x_wconf 92' lang='lat' dir='ltr'>quam</span> <span class='ocrx_word' id='word_1_266' title='bbox 1035 3643 1162 3714; x_wconf 90' lang='lat' dir='ltr'>partem</span> <span class='ocrx_word' id='word_1_267' title='bbox 1181 3635 1466 3714; x_wconf 86' lang='lat' dir='ltr'>corruptissimam</span> 
     </span>
     <span class='ocr_line' id='line_1_33' title="bbox 294 3741 1470 3823; baseline -0.002 -17"><span class='ocrx_word' id='word_1_268' title='bbox 294 3744 400 3807; x_wconf 85' lang='lat' dir='ltr'>totius</span> <span class='ocrx_word' id='word_1_269' title='bbox 426 3742 587 3823; x_wconf 82' lang='lat' dir='ltr'>Aeschyli</span> <span class='ocrx_word' id='word_1_270' title='bbox 612 3760 686 3806; x_wconf 90' lang='lat' dir='ltr'>esse</span> <span class='ocrx_word' id='word_1_271' title='bbox 710 3750 823 3807; x_wconf 90' lang='lat' dir='ltr'>notum</span> <span class='ocrx_word' id='word_1_272' title='bbox 849 3750 911 3806; x_wconf 89' lang='lat' dir='ltr'>est.</span> <span class='ocrx_word' id='word_1_273' title='bbox 960 3742 1039 3806; x_wconf 82' lang='lat' dir='ltr'>Cum</span> <span class='ocrx_word' id='word_1_274' title='bbox 1064 3758 1184 3822; x_wconf 89' lang='lat' dir='ltr'>praeco</span> <span class='ocrx_word' id='word_1_275' title='bbox 1211 3742 1309 3805; x_wconf 91' lang='lat' dir='ltr'>minis</span> <span class='ocrx_word' id='word_1_276' title='bbox 1341 3741 1470 3805; x_wconf 85' lang='lat' dir='ltr'>frustra</span> 
     </span>
     <span class='ocr_line' id='line_1_34' title="bbox 294 3847 1466 3929; baseline -0.004 -16"><span class='ocrx_word' id='word_1_277' title='bbox 294 3850 432 3914; x_wconf 90' lang='lat' dir='ltr'>iactatis</span> <span class='ocrx_word' id='word_1_278' title='bbox 469 3851 532 3914; x_wconf 91' lang='lat' dir='ltr'>iam</span> <span class='ocrx_word' id='word_1_279' title='bbox 569 3866 629 3929; x_wconf 90' lang='lat' dir='ltr'>per</span> <span class='ocrx_word' id='word_1_280' title='bbox 662 3850 729 3916; x_wconf 82' lang='lat' dir='ltr'>vim</span> <span class='ocrx_word' id='word_1_281' title='bbox 763 3867 819 3913; x_wconf 88' lang='lat' dir='ltr'>eas</span> <span class='ocrx_word' id='word_1_282' title='bbox 857 3849 1005 3914; x_wconf 88' lang='lat' dir='ltr'>crinibus</span> <span class='ocrx_word' id='word_1_283' title='bbox 1042 3851 1237 3914; x_wconf 89' lang='lat' dir='ltr'>abstrahere</span> <span class='ocrx_word' id='word_1_284' title='bbox 1262 3854 1411 3925; x_wconf 90' lang='lat' dir='ltr'>conetur,</span> <span class='ocrx_word' id='word_1_285' title='bbox 1436 3847 1466 3908; x_wconf 90' lang='lat' dir='ltr'>ei</span> 
     </span>
     <span class='ocr_line' id='line_1_35' title="bbox 295 3954 1467 4037; baseline -0.003 -19"><span class='ocrx_word' id='word_1_286' title='bbox 295 3958 505 4035; x_wconf 87' lang='lat' dir='ltr'>stropharum</span> <span class='ocrx_word' id='word_1_287' title='bbox 533 3958 615 4037; x_wconf 91' lang='lat' dir='ltr'>pari,</span> <span class='ocrx_word' id='word_1_288' title='bbox 641 3976 704 4035; x_wconf 91' lang='lat' dir='ltr'>quo</span> <span class='ocrx_word' id='word_1_289' title='bbox 730 3956 786 4020; x_wconf 87' lang='lat' dir='ltr'>illa</span> <span class='ocrx_word' id='word_1_290' title='bbox 811 3974 952 4020; x_wconf 87' lang='lat' dir='ltr'>araneae</span> <span class='ocrx_word' id='word_1_291' title='bbox 977 3957 1095 4034; x_wconf 85' lang='lat' dir='ltr'>nigrae</span> <span class='ocrx_word' id='word_1_292' title='bbox 1111 3955 1247 4033; x_wconf 89' lang='lat' dir='ltr'>propius</span> <span class='ocrx_word' id='word_1_293' title='bbox 1264 3954 1467 4033; x_wconf 81' lang='lat' dir='ltr'>propiusque</span> 
     </span>
     <span class='ocr_line' id='line_1_36' title="bbox 294 4057 1466 4143; baseline -0.003 -18"><span class='ocrx_word' id='word_1_294' title='bbox 294 4064 476 4143; x_wconf 89' lang='lat' dir='ltr'>arrepenti,</span> <span class='ocrx_word' id='word_1_295' title='bbox 506 4073 605 4142; x_wconf 89' lang='lat' dir='ltr'>atque</span> <span class='ocrx_word' id='word_1_296' title='bbox 637 4063 794 4127; x_wconf 91' lang='lat' dir='ltr'>echidnae</span> <span class='ocrx_word' id='word_1_297' title='bbox 823 4063 975 4141; x_wconf 87' lang='lat' dir='ltr'>virgines</span> <span class='ocrx_word' id='word_1_298' title='bbox 1006 4079 1117 4124; x_wconf 91' lang='lat' dir='ltr'>morsu</span> <span class='ocrx_word' id='word_1_299' title='bbox 1148 4061 1275 4124; x_wconf 92' lang='lat' dir='ltr'>tenenti</span> <span class='ocrx_word' id='word_1_300' title='bbox 1290 4057 1310 4136; x_wconf 89' lang='grc'>1)</span> <span class='ocrx_word' id='word_1_301' title='bbox 1337 4076 1466 4140; x_wconf 89' lang='lat' dir='ltr'>compa-</span> 
     </span>
     <span class='ocr_line' id='line_1_37' title="bbox 295 4167 1388 4248; baseline -0.002 -15"><span class='ocrx_word' id='word_1_302' title='bbox 295 4175 401 4248; x_wconf 85' lang='lat' dir='ltr'>ratur,</span> <span class='ocrx_word' id='word_1_303' title='bbox 426 4176 460 4233; x_wconf 93' lang='lat' dir='ltr'>et</span> <span class='ocrx_word' id='word_1_304' title='bbox 480 4170 637 4248; x_wconf 87' lang='lat' dir='ltr'>strophae</span> <span class='ocrx_word' id='word_1_305' title='bbox 663 4178 697 4233; x_wconf 90' lang='lat' dir='ltr'>et</span> <span class='ocrx_word' id='word_1_306' title='bbox 721 4169 962 4248; x_wconf 87' lang='lat' dir='ltr'>antistrophae,</span> <span class='ocrx_word' id='word_1_307' title='bbox 989 4168 1165 4231; x_wconf 84' lang='lat' dir='ltr'>subiuncta</span> <span class='ocrx_word' id='word_1_308' title='bbox 1188 4175 1265 4232; x_wconf 87' lang='lat' dir='ltr'>sunt</span> <span class='ocrx_word' id='word_1_309' title='bbox 1289 4167 1388 4231; x_wconf 91' lang='lat' dir='ltr'>haec:</span> 
     </span>
    </p>
   </div>
   <div class='ocr_carea' id='block_1_3' title="bbox 333 4313 1467 4400">
    <p class='ocr_par' dir='ltr' id='par_1_4' title="bbox 333 4313 1467 4400">
     <span class='ocr_line' id='line_1_38' title="bbox 333 4313 1467 4400; baseline -0.002 -19"><span class='ocrx_word' id='word_1_310' title='bbox 333 4327 364 4396; x_wconf 94' lang='grc'>1)</span> <span class='ocrx_word' id='word_1_311' title='bbox 384 4325 549 4383; x_wconf 84' lang='lat' dir='ltr'>Secundum</span> <span class='ocrx_word' id='word_1_312' title='bbox 568 4326 668 4381; x_wconf 83' lang='lat' dir='ltr'>Weilii</span> <span class='ocrx_word' id='word_1_313' title='bbox 688 4329 882 4382; x_wconf 85' lang='lat' dir='ltr'>coniecturam</span> <span class='ocrx_word' id='word_1_314' title='bbox 901 4324 998 4398; x_wconf 70' lang='grc' dir='ltr'><em>ἔχιδνα</em></span> <span class='ocrx_word' id='word_1_315' title='bbox 1018 4313 1079 4385; x_wconf 72' lang='lat' dir='ltr'>d&#39;o‘ic</span> <span class='ocrx_word' id='word_1_316' title='bbox 1096 4325 1134 4400; x_wconf 84' lang='grc' dir='ltr'>μέ</span> <span class='ocrx_word' id='word_1_317' title='bbox 1152 4345 1191 4386; x_wconf 86' lang='grc' dir='ltr'>τις</span> <span class='ocrx_word' id='word_1_318' title='bbox 1209 4315 1381 4381; x_wconf 71' lang='grc' dir='ltr'><em>ποτιὰακοῦὀ</em></span> <span class='ocrx_word' id='word_1_319' title='bbox 1399 4325 1467 4397; x_wconf 79' lang='grc' dir='ltr'><em>ἔχει.</em></span> 
     </span>
    </p>
   </div>
   <div class='ocr_carea' id='block_1_4' title="bbox 0 0 1560 4890">
    <p class='ocr_par' dir='ltr' id='par_1_5' title="bbox 0 0 1560 4890">
     <span class='ocr_line' id='line_1_39' title="bbox 0 0 1560 4890; baseline 0 0"><span class='ocrx_word' id='word_1_320' title='bbox 0 0 1560 4890; x_wconf 95' lang='lat' dir='ltr'> </span> 
     </span>
    </p>
   </div>
  </div>
 </body>
</html>
