3112 4890
663 246 704 256 ..
751 217 790 274 44
845 248 882 255 .-

186 410 367 473 eiecissent
401 428 465 473 non
499 426 583 487 quae
619 407 660 472 ad
695 426 828 472 sensum
852 427 915 471 non
940 408 1132 471 necessaria
1157 415 1279 488 essent,
1304 405 1363 470 sed

187 533 271 594 quae
302 515 441 579 maxime
472 533 544 579 eum
574 515 789 595 impedirent,
817 523 918 592 atque
943 533 982 577 oo
1008 513 1101 577 modo
1127 509 1362 591 prudentiores
1465 503 1468 507 ’

188 633 288 702 atque
314 623 543 700 elegantiores
567 640 641 687 sese
666 623 901 701 praetitissent
917 640 1014 699 <puram
1032 640 1170 699 magnus
1187 620 1245 684 ille
1263 629 1364 699 poeta

186 731 352 810 tragicus.

294 856 555 935 acquiescamus
579 855 684 933 igitur
707 856 741 919 in
765 854 892 920 tradita
908 854 1024 934 forma,
1049 855 1240 933 cogitantes
1262 854 1361 918 etiam

187 982 301 1027 eorum
324 963 512 1042 nonnullos,
537 963 594 1041 quui
618 962 695 1026 aliis
720 963 753 1026 in
777 961 901 1026 fabulis
926 962 1088 1025 acerrime
1113 961 1362 1026 restitutionem

188 1070 437 1150 cpoymniorum
463 1068 652 1148 defendunt,
689 1070 751 1133 hoc
780 1069 855 1132 loco
880 1087 920 1133 ea
945 1068 1190 1150 reformidasse‚
1216 1076 1253 1132 ut
1276 1087 1363 1132 nunc

188 1177 342 1243 Weilium
369 1176 424 1251 (cf.
456 1176 614 1241 editionis
648 1177 804 1257 minoris,
836 1182 931 1256 1886,
961 1174 1201 1263 precipit).
1250 1176 1301 1238 Au
1325 1193 1363 1238 re

187 1302 268 1350 vera
292 1291 353 1359 cst,
372 1302 431 1347 cur
451 1291 627 1361 tantopere
645 1285 678 1347 in
701 1282 839 1349 traditis
857 1282 1082 1347 offendamus?
1117 1283 1220 1347 Immo
1238 1288 1360 1346 certam

188 1393 222 1456 in
247 1391 404 1455 carminis
431 1398 601 1456 structura
626 1390 861 1469 aequalitatem
895 1391 1006 1455 inesse
1031 1408 1124 1454 nemo
1149 1389 1361 1454 infitiabitur.
1396 1419 1399 1427 ·

187 1497 366 1563 Includunt
395 1499 481 1561 enim
513 1506 628 1575 partes
659 1497 827 1562 simillime
859 1504 1009 1562 structae
1033 1504 1161 1575 partem
1187 1497 1362 1578 ephymnio

189 1613 349 1670 ornatam.
389 1605 464 1668 Tali
489 1613 599 1669 autem
623 1603 719 1668 modo
745 1604 832 1684 quod
848 1605 955 1668 media
971 1623 1050 1682 pars
1068 1605 1232 1683 insignem
1254 1604 1362 1667 locum

188 1719 312 1792 teneat,
337 1711 370 1775 id
396 1730 467 1775 cum
493 1729 592 1775 sensu
615 1712 698 1775 bono
724 1713 903 1777 convenire
928 1718 1020 1775 recte
1037 1711 1182 1776 Arnoldt
1207 1711 1364 1789 explanat

190 1817 272 1902 (Der
297 1819 383 1883 (lhor
407 1819 449 1881 im
476 1820 539 1897 Ag.
565 1817 779 1897 desuescit,
807 1818 877 1882 Hal.
906 1821 1001 1900 1881,
1027 1839 1057 1897 p.
1076 1814 1199 1903 tellit),
1227 1838 1298 1882 cum
1323 1836 1362 1881 eo

188 1926 262 1989 loco
303 1927 439 2006 cherua,
479 1926 536 2005 (poi
576 1934 610 1989 et
645 1934 744 1990 antea
787 1934 822 1990 et
857 1935 975 2005 postea
1010 1927 1116 2004 magis
1144 1926 1363 2004 tranquillum

109 2078 112 2086 -
189 2033 332 2096 animum
365 2038 494 2112 servat,
529 2031 569 2096 ad
601 2051 744 2096 summos
774 2032 873 2097 animi
907 2042 1016 2098 motus
1048 2050 1248 2112 progressus
1273 2033 1364 2110 ipsas

190 2140 323 2209 emittat
347 2139 603 2204 lamentationes
632 2140 937 2219 accusationesque.
985 2141 1034 2204 De
1071 2141 1132 2204 hac
1161 2158 1198 2204 re
1234 2141 1291 2218 qui
1330 2140 1362 2203 in

190 2246 379 2313 universum
417 2247 506 2310 iuter
541 2264 576 2309 se
612 2247 835 2327 consentiunt,
869 2256 980 2313 tamon
1004 2247 1045 2310 de
1070 2247 1255 2312 minoribus
1280 2264 1363 2326 quae

189 2353 229 2418 ad
254 2352 392 2417 formam
416 2353 585 2430 pertinent
609 2354 643 2417 in
668 2353 819 2419 diversas
843 2361 957 2432 partes
982 2354 1168 2422 discedunt.
1204 2353 1363 2436 Quaestio

190 2461 277 2525 enim
302 2469 365 2540 est,
396 2461 476 2539 quid
505 2459 544 2524 de
575 2463 792 2539 responsione
825 2463 1019 2544 systematis
1043 2463 1059 2527 I
1090 2463 1263 2540 partisque
1287 2464 1309 2541 β
1330 2470 1365 2525 et

190 2568 384 2649 systematis
411 2569 437 2631 V
468 2569 640 2646 partisque
666 2568 683 2643 ζ
714 2569 759 2633 sit
790 2568 1012 2637 iudicandum.
1059 2571 1144 2633 Tres
1178 2569 1218 2632 de
1260 2587 1299 2632 ea
1327 2586 1364 2631 re

191 2675 377 2739 sententiae
402 2683 480 2739 sunt
503 2676 667 2753 prolatae.
707 2677 747 2739 H.
774 2676 924 2741 Schmidt
948 2683 982 2741 et
1008 2676 1148 2741 Arnoldt
1172 2672 1207 2758 (l.
1226 2677 1249 2742 l.
1264 2696 1293 2754 p.
1309 2675 1365 2754 76)

189 2781 347 2846 traditam
373 2800 485 2845 earum
510 2783 655 2858 partium
679 2782 815 2845 formam
842 2782 1015 2847 laudantes
1039 2784 1162 2848 nullam
1187 2783 1276 2847 iuter
1307 2801 1365 2846 eas

190 2889 440 2966 responsionem
465 2887 676 2952 intercedere
701 2889 836 2967 voluut;
861 2890 1033 2968 Westplual
1052 2888 1156 2972 (l‘rol.
1174 2890 1225 2954 ad.
1245 2890 1364 2954 Aesch.

190 3016 221 3074 p.
239 3002 295 3073 183
320 2996 448 3060 Metrik
465 2994 565 3076 111³‚a
592 3015 621 3073 p.
638 2992 771 3089 149f50)
797 2998 935 3063 melicas
959 2997 1089 3077 quidem
1104 3006 1229 3078 partes,
1253 2999 1320 3076 dot
1338 2997 1365 3078 ζ,
1423 2994 1426 2999 ’
1455 2984 1460 2990 ’

190 3105 280 3168 inter
308 3122 343 3166 se
376 3103 579 3181 respondere
612 3100 867 3186 (anapaesticas
899 3106 1071 3186 systemal
1096 3114 1130 3169 et
1154 3113 1302 3186 systema
1325 3105 1365 3184 V,

191 3229 326 3274 numero
351 3219 480 3275 tantum
505 3208 808 3295 hypermetrorum)
826 3211 925 3291 dicit3
952 3214 1117 3277 Hermann
1137 3212 1290 3291 deniquo,
1312 3212 1364 3276 cui

192 3317 288 3381 multi
319 3325 396 3382 sunt
424 3319 569 3399 assensi,
598 3338 662 3383 nou
693 3319 789 3382 modo
817 3329 945 3398 partem
969 3323 991 3400 β
1020 3321 1107 3399 parti
1134 3318 1156 3391 ζ,
1183 3319 1365 3384 sedetiam

191 3424 378 3505 systemal
414 3426 588 3504 systemati
620 3427 648 3490 V
679 3426 917 3503 respondentia
948 3428 1038 3493 facit.
1093 3428 1187 3492 Inter
1220 3445 1259 3491 ea
1287 3424 1366 3506 quid

190 3540 318 3596 rectum
355 3532 401 3596 sit
437 3530 623 3596 diiudicare
659 3532 796 3597 difficile
829 3543 891 3598 est.
940 3534 1004 3599 Sed
1029 3535 1278 3599 Hermauuiaua
1308 3534 1367 3597 illa

191 3648 408 3720 systematum
433 3640 449 3704 I
474 3647 508 3704 et
533 3641 560 3702 V
593 3640 683 3704 inter
711 3659 746 3704 se
770 3643 945 3720 responsio
972 3642 1209 3720 probabilitate
1234 3641 1366 3705 minime

193 3754 295 3811 caret.
344 3746 382 3811 Id
418 3746 560 3827 quidem,
597 3767 672 3811 num
709 3748 742 3811 iu
779 3750 972 3815 universum
1005 3750 1198 3830 systematis
1227 3765 1366 3825 anapae-

192 3855 288 3919 stiris
320 3855 409 3918 inter
442 3855 568 3934 lyricas
600 3864 714 3933 partes
747 3856 884 3921 insertis
910 3863 1003 3920 certa
1027 3858 1166 3921 metrica
1189 3855 1366 3934 responsio

191 3959 357 4026 vindicari
381 3960 502 4025 debeat
531 3962 706 4027 -idest
738 3964 924 4042 aequalitas
955 3965 1083 4028 numeri
1113 3971 1292 4027 metrorum
1325 3997 1368 4005 —-
1479 3956 1482 3961 ’

193 4084 306 4144 parum
344 4075 476 4132 constat
512 4064 567 4149 (cf.
605 4070 728 4151 Christ,
764 4068 908 4135 Metrik2
944 4069 962 4152 ξ
989 4070 1078 4151 307),
1115 4072 1194 4150 quin
1224 4070 1368 4134 etiama

192 4173 307 4237 multis
338 4176 386 4251 (ut
413 4193 432 4238 a
462 4177 668 4254 Westphalio
695 4186 729 4243 et
744 4178 963 4260 Rossbachi0‚
979 4179 1106 4243 Metrik
1121 4179 1201 4262 iii-²¹,
1214 4188 1232 4245 2
1243 4200 1274 4258 p.
1290 4171 1367 4261 150)
