3112 4890
735 246 953 314 .-59-

685 448 752 512 Str.
777 467 794 525 γ

774 553 794 615 δ

630 663 844 757 Q

686 769 752 834 Str.
777 787 793 829 c

739 876 949 955 Antimcs.ss

686 986 764 1048 Ant.
788 1002 815 1046 ε.

365 1090 403 1155 In
428 1090 529 1156 tertio
566 1090 708 1169 denique
748 1088 894 1153 eiusdem
933 1088 1065 1152 fabulae
1098 1088 1236 1152 stasimc
1261 1088 1435 1167 (934sqq.)

257 1199 407 1262 homines
439 1197 530 1261 docti
562 1217 634 1261 cum
664 1195 802 1275 quadam
838 1196 950 1274 specie
975 1196 1132 1261 veritatis
1157 1196 1335 1276 ephymnia
1359 1214 1436 1259 con·

258 1305 414 1370 stituunt.
461 1305 544 1368 Narn
576 1323 761 1383 quanquam
789 1321 921 1366 carmen
946 1302 1115 1367 mesodica
1131 1301 1237 1366 forma
1254 1303 1316 1367 hec
1338 1301 1434 1366 modo

190 1485 192 1489 .
259 1413 477 1490 compositum
502 1412 663 1477 traditum
688 1419 740 1476 est

686 1518 798 1583 Stra

773 1626 795 1704 β

686 1733 763 1795 Ant.
789 1751 809 1791 α

686 1839 795 1915 Stry

778 1945 798 2007 δ

686 2055 764 2118 Ant.
790 2072 816 2132 γ,

259 2160 363 2225 verba
393 2167 503 2222 tamen
534 2159 650 2224 ultima
679 2159 838 2237 strophae
870 2179 896 2241 γ,
928 2154 1020 2239 μόρα
1044 2178 1079 2219 νε
1104 2159 1171 2238 (μοῖς
1195 2152 1287 2238 ἰδεῖν,
1313 2159 1346 2222 in
1371 2158 1435 2222 fine

260 2267 492 2344 antistrophae
516 2268 729 2332 recurrentia
760 2270 900 2344 (mutato
924 2285 960 2327 οι
984 2266 1016 2329 in
1040 2261 1092 2344 τό)
1118 2267 1231 2331 multis
1254 2265 1432 2343 vestigium

260 2390 334 2437 esse
359 2373 502 2437 iteratae
540 2373 617 2437 clim
653 2374 758 2438 totius
794 2375 903 2452 partis
927 2373 947 2435 δ
969 2372 1135 2438 videntur.
1184 2372 1325 2437 Accedit
1348 2372 1434 2451 quod

261 2488 372 2558 partes
397 2481 419 2559 β
434 2487 468 2544 et
485 2479 505 2541 δ
526 2487 664 2558 propter
681 2498 811 2544 sensum
830 2480 926 2546 valde
944 2479 1083 2545 idoneae
1100 2487 1178 2544 sunt
1194 2498 1276 2557 quae
1301 2480 1435 2559 ephyra·

259 2588 388 2651 niorum
415 2588 521 2651 locum
546 2595 691 2652 teneant.
730 2586 810 2651 Nam
837 2578 909 2651 cam
934 2588 966 2651 in
993 2588 1140 2666 strophis
1157 2594 1191 2651 et
1212 2586 1436 2666 antistrophis

260 2712 280 2753 α
294 2701 328 2757 et
344 2713 361 2771 γ
378 2693 418 2757 δα
434 2694 507 2772 ipsa
523 2695 655 2758 ratione
673 2693 784 2758 caedis
802 2690 949 2776 (venisse
970 2694 1101 2758 tandem
1120 2694 1248 2758 domum
1271 2693 1435 2773 Orestem,

259 2800 392 2865 venisse
432 2801 553 2865 iustam
593 2818 742 2881 poenam,
784 2802 936 2866 evenisse
976 2819 1060 2879 quae
1104 2800 1308 2866 vaticinatus
1345 2807 1437 2863 esset

261 2907 400 2984 A1›0llo;
438 2926 458 2966 α
493 2914 528 2970 et
551 2914 611 2971 str.
637 2911 666 2983 γ)
698 2915 799 2985 atque
830 2906 869 2970 de
902 2909 950 2971 eis
982 2927 1066 2986 «tuae
1091 2926 1160 2971 eam
1186 2915 1343 2970 secutura
1368 2907 1436 2970 sint

261 3014 368 3086 (brevi
409 3013 537 3077 domum
579 3015 665 3077 omni
707 3014 834 3077 macula
873 3013 945 3077 fore
986 3015 1136 3094 liberam,
1173 3022 1239 3078 ant.
1258 3017 1287 3090 γ)
1312 3012 1435 3076 chorus

260 3120 429 3201 loquatur,
453 3122 606 3197 partitus
631 3122 653 3200 β

473 3218 686 3299 ἐπολολύξατ’
709 3209 734 3286 οἷ
758 3223 965 3288 δεσποσύνων
989 3223 1097 3305 δόμων

475 3325 628 3415 α’ναφνγᾷ
640 3333 664 3418 1)
689 3335 799 3395 κακῶν
823 3334 878 3394 καὶ
905 3328 1049 3396 κισσίνων
1073 3336 1185 3414 τριβᾶς

475 3433 541 3502 ὑπὸ
566 3441 659 3503 δυοῖν
683 3436 883 3523 μιαστόροιν,

474 3547 630 3627 δοσσίμον
653 3544 750 3626 σόχας

474 3730 557 3804 μέγα
581 3718 611 3789 τ’
634 3720 787 3812 &acciit

476 3828 603 3918 ψάλιον
627 3830 747 3899 οἰκίων.
763 3831 790 3918 ²)

473 3937 574 4019 ἄναγε
598 3935 676 4023 μα’ν,
702 3937 807 4021 δόμοι·
832 3934 941 4002 μολόν
965 3935 1046 4017 ἄγαν
1070 3934 1187 4020 χρόνον

473 4053 689 4126 χαμαιπετεῖς
713 4038 837 4111 inerat?
860 4039 922 4130 αόί,

368 4207 396 4273 1)
416 4192 548 4277 όναφυγᾷ
566 4225 617 4276 pro
638 4195 783 4279 αναφογός
802 4208 980 4261 Hcimsoeth.

368 4293 396 4364 2)
417 4293 509 4347 σι’κίων
527 4314 579 4364 pro
600 4296 681 4348 οἴκων
700 4296 820 4351 Abrens.
