3112 4890
607 269 828 339 -33-

131 466 250 549 sacnti,
273 474 403 545 partem
428 487 443 530 ε
468 475 543 547 post
573 470 820 549 antistropham
843 474 872 553 β,
898 473 957 538 Th.
989 473 1102 554 Heyse
1132 481 1262 552 partem
1287 493 1305 552 y

130 581 209 652 post
248 575 495 654 antistropham
535 575 554 637 δ
587 584 881 660 transposuerunt,
918 580 963 644 M.
989 579 1140 646 Schmidt
1168 589 1305 660 praeter

129 681 268 747 Heathii
291 684 592 761 transpositionem
617 684 714 750 sedes
739 688 898 765 strophae
925 687 945 749 d
967 697 1001 754 et
1027 689 1261 784 antistrophae
1279 687 1306 751 d

130 791 357 856 commutavit.
409 792 488 857 Cum
513 793 565 857 eis
589 792 701 859 iacere
728 795 861 859 minime
887 814 1030 874 possum.
1066 796 1154 860 Illud
1172 795 1302 875 quidem

129 900 366 975 praetermitto
396 898 503 967 falsae
538 902 773 967 translationis
802 903 837 966 in
868 903 1039 968 codicibus
1069 922 1201 969 causam
1226 922 1302 981 pro·

129 1005 274 1071 hahilem
300 1008 429 1075 deesse.
478 1010 542 1075 Sed
571 1029 644 1075 cum
676 1018 811 1076 servato
844 1010 995 1075 codicum
1025 1010 1142 1075 ordine
1171 1018 1303 1075 senten·

128 1113 252 1179 tiorum
289 1117 497 1181 continuatio
538 1119 663 1195 optime
700 1117 875 1198 procedat,
912 1118 962 1182 ita
987 1126 1117 1183 mutato
1145 1119 1303 1183 turbatur

130 1223 432 1289 vehementissime.
481 1223 576 1305 Quod
612 1234 648 1290 nt
682 1224 840 1305 vitarent,
876 1225 933 1289 alii
971 1226 1057 1289 alias
1089 1226 1301 1291 coniecturas

130 1332 358 1412 protulerunt,
394 1350 531 1410 quarum
567 1340 677 1396 tamen
715 1340 749 1396 et
781 1350 989 1411 magnaque
1014 1351 1096 1411 opus
1121 1340 1195 1397 erat
1220 1334 1301 1397 mul·

130 1438 272 1504 titudine
300 1448 335 1505 et
359 1440 523 1506 violentia
549 1438 879 1505 verisimilitudinem
897 1441 1040 1505 rationis
1056 1458 1137 1505 suae
1158 1440 1300 1503 maxime

129 1547 194 1627 ipsi
217 1546 490 1615 debilitaverunt.

233 1675 328 1739 Hanc
351 1674 456 1753 igitur
489 1671 626 1738 formam
656 1673 800 1737 omnium
829 1691 924 1736 unam
952 1680 1078 1736 rectam
1105 1691 1179 1737 esse
1204 1681 1299 1751 puto:

448 1783 514 1846 Str.
540 1800 561 1841 α

333 1976 337 1983 Ι
500 1888 585 1967 Eph.
612 1907 631 1948 α

449 2002 526 2062 Ant.
552 2016 572 2057 α

499 2105 583 2183 Eph.
609 2123 629 2164 α

447 2218 513 2277 Str.
538 2214 560 2292 β

501 2320 658 2385 Mesodus
682 2337 700 2396 γ

446 2430 524 2494 Ant.
548 2429 570 2508 β

446 2537 513 2600 Str.
540 2534 560 2596 d

510 2643 633 2709 Antim.
659 2661 676 2719 γ
698 2641 784 2720 (ze
809 2659 839 2718 p.
854 2635 922 2720 26.)

446 2753 522 2816 Ant.
548 2749 568 2811 d

445 2865 511 2927 Str.
536 2861 553 2934 ζ

445 2970 522 3031 Ant.
548 2964 571 3039 ζ.

125 3093 217 3175 Quod
243 3102 353 3158 autem
379 3101 496 3157 eontra
521 3110 591 3155 eam
608 3091 695 3157 Weil
720 3090 807 3153 olim,
824 3088 908 3152 dixit
921 3087 995 3169 (Rh.
1009 3086 1052 3150 M.
1068 3080 1213 3165 16306),
1231 3102 1294 3147 non

124 3199 246 3264 debere
270 3200 532 3265 enuntiationem
558 3192 719 3277 δωμάτων
748 3189 809 3278 γὰρ
837 3189 978 3273 εἱλόμαν
1009 3183 1200 3274 ἀνατροπάς
1227 3188 1293 3254 κιλ.

124 3306 293 3389 (355sqq.)
319 3326 358 3371 eo
383 3306 511 3387 divelli,
528 3305 615 3385 quod
640 3324 660 3369 a
684 3321 766 3370 voce
782 3296 973 3382 ἀνατροπάς
990 3318 1106 3366 novam
1123 3299 1292 3377 stropham

122 3417 163 3480 ah
187 3415 398 3480 antecedenti
424 3433 562 3493 prorsus
580 3412 743 3480 diversam
762 3409 868 3473 ordiri
887 3416 1107 3487 statueretur,
1122 3406 1294 3471 refellitur

122 3522 249 3586 dnobus
274 3523 358 3587 locis
393 3522 601 3603 Aeschylus,
638 3520 758 3600 quibus
787 3517 993 3582 enuntiatum
1023 3515 1058 3578 in
1082 3514 1294 3590 antistropha

122 3637 274 3709 coeptum
299 3631 332 3694 in
350 3631 491 3707 stropha
507 3628 715 3708 insequentis
731 3626 823 3704 paris
840 3624 966 3704 finitur,
989 3625 1052 3701 Ag.
1071 3640 1101 3687 v.
1116 3623 1292 3684 uos—248

120 3746 155 3802 et
194 3738 286 3816 Sept.
326 3757 356 3804 v.
387 3741 577 3814 730-7413
617 3734 722 3799 eidem
767 3731 993 3812 symmetriam
1037 3725 1293 3804 compositionis

120 3844 325 3910 desideranti
352 3845 558 3910 oblectamus
574 3840 656 3920 ipsis
673 3840 790 3904 metris
811 3838 1016 3915 aliquantum
1033 3852 1093 3899 nos
1109 3832 1291 3912 admoneri,

119 3971 160 4017 ne
184 3952 400 4018 traditionem
425 3951 653 4029 relinquamus
677 3953 736 4011 aut
758 3942 936 4026 ephymnia
958 3941 1209 4008 introducentes
1233 3946 1292 4003 aut

120 4060 268 4125 ordinem
308 4067 485 4124 mutantes,
532 4057 612 4121 Nam
649 4061 720 4118 tres
755 4059 879 4131 partes,
916 4050 950 4115 in
987 4067 1068 4128 qaas
1107 4045 1288 4111 secundnm

119 4168 334 4233 traditionem
361 4183 493 4229 carmen
518 4162 691 4241 dividitur,
709 4179 774 4224 nna
790 4158 978 4239 ephymniis
994 4157 1170 4235 instructa,
1181 4154 1291 4218 altera

124 4274 280 4354 mesodis‚
315 4272 420 4337 tertia
454 4288 543 4335 mere
578 4266 835 4348 antistrophica‚
871 4283 943 4328 cnm
979 4263 1089 4328 trihus
1124 4261 1288 4338 partibus,
