<?xml version="1.0" encoding="UTF-8"?>
<!DOCTYPE html PUBLIC "-//W3C//DTD XHTML 1.0 Transitional//EN"
    "http://www.w3.org/TR/xhtml1/DTD/xhtml1-transitional.dtd">
<html xmlns="http://www.w3.org/1999/xhtml" xml:lang="en" lang="en">
 <head>
  <title>
</title>
<meta http-equiv="Content-Type" content="text/html;charset=utf-8" />
  <meta name='ocr-system' content='tesseract 3.04.00' />
  <meta name='ocr-capabilities' content='ocr_page ocr_carea ocr_par ocr_line ocrx_word'/>
</head>
<body>
  <div class='ocr_page' id='page_1' title='image "./deephymniorumap00schwgoog_0011.png"; bbox 0 0 3112 4890; ppageno 0'>
   <div class='ocr_carea' id='block_1_1' title="bbox 716 242 911 313">
    <p class='ocr_par' dir='ltr' id='par_1_1' title="bbox 716 242 911 313">
     <span class='ocr_line' id='line_1_1' title="bbox 716 242 911 313; baseline 0 -18"><span class='ocrx_word' id='word_1_1' title='bbox 716 242 911 313; x_wconf 27' lang='grc' dir='ltr'><strong>με-.</strong></span> 
     </span>
    </p>
   </div>
   <div class='ocr_carea' id='block_1_2' title="bbox 228 433 1405 1170">
    <p class='ocr_par' dir='ltr' id='par_1_2' title="bbox 228 433 1405 1170">
     <span class='ocr_line' id='line_1_2' title="bbox 228 433 1404 538; baseline 0 -26"><span class='ocrx_word' id='word_1_2' title='bbox 228 433 329 512; x_wconf 86' lang='lat' dir='ltr'><strong>habet</strong></span> <span class='ocrx_word' id='word_1_3' title='bbox 359 466 455 526; x_wconf 91' lang='lat' dir='ltr'><strong>quam</strong></span> <span class='ocrx_word' id='word_1_4' title='bbox 486 454 524 511; x_wconf 91' lang='lat' dir='ltr'><strong>nt</strong></span> <span class='ocrx_word' id='word_1_5' title='bbox 551 447 727 523; x_wconf 81' lang='lat' dir='ltr'><strong>responsio</strong></span> <span class='ocrx_word' id='word_1_6' title='bbox 754 457 929 524; x_wconf 76' lang='lat' dir='ltr'><strong>augeatur.</strong></span> <span class='ocrx_word' id='word_1_7' title='bbox 976 446 1210 538; x_wconf 31' lang='lat' dir='ltr'><strong>Neque-intra</strong></span> <span class='ocrx_word' id='word_1_8' title='bbox 1235 447 1404 526; x_wconf 78' lang='lat' dir='ltr'><strong>stropham</strong></span> 
     </span>
     <span class='ocr_line' id='line_1_3' title="bbox 229 554 1404 636; baseline 0 -18"><span class='ocrx_word' id='word_1_9' title='bbox 229 555 333 636; x_wconf 87' lang='lat' dir='ltr'><strong>locus,</strong></span> <span class='ocrx_word' id='word_1_10' title='bbox 370 573 433 632; x_wconf 91' lang='lat' dir='ltr'><strong>quo</strong></span> <span class='ocrx_word' id='word_1_11' title='bbox 470 554 684 634; x_wconf 83' lang='lat' dir='ltr'><strong>adhibeatur,</strong></span> <span class='ocrx_word' id='word_1_12' title='bbox 714 562 766 618; x_wconf 99' lang='grc' dir='ltr'><strong>θεῖ</strong></span> <span class='ocrx_word' id='word_1_13' title='bbox 795 555 1083 633; x_wconf 86' lang='lat' dir='ltr'><strong>circumscriptus:</strong></span> <span class='ocrx_word' id='word_1_14' title='bbox 1113 556 1147 618; x_wconf 94' lang='lat' dir='ltr'><strong>in</strong></span> <span class='ocrx_word' id='word_1_15' title='bbox 1177 555 1275 620; x_wconf 92' lang='lat' dir='ltr'><strong>initio</strong></span> <span class='ocrx_word' id='word_1_16' title='bbox 1305 564 1404 633; x_wconf 85' lang='lat' dir='ltr'><strong>atqua</strong></span> 
     </span>
     <span class='ocr_line' id='line_1_4' title="bbox 230 660 1405 741; baseline -0.001 -16"><span class='ocrx_word' id='word_1_17' title='bbox 230 663 263 725; x_wconf 93' lang='lat' dir='ltr'><strong>in</strong></span> <span class='ocrx_word' id='word_1_18' title='bbox 289 661 352 724; x_wconf 90' lang='lat' dir='ltr'><strong>fine</strong></span> <span class='ocrx_word' id='word_1_19' title='bbox 382 675 567 739; x_wconf 84' lang='lat' dir='ltr'>quanquam</span> <span class='ocrx_word' id='word_1_20' title='bbox 605 679 684 725; x_wconf 90' lang='lat' dir='ltr'><strong>usus</strong></span> <span class='ocrx_word' id='word_1_21' title='bbox 721 660 932 739; x_wconf 87' lang='lat' dir='ltr'><strong>frequentior</strong></span> <span class='ocrx_word' id='word_1_22' title='bbox 961 671 1026 741; x_wconf 89' lang='grc' dir='ltr'>θεῖ,</span> <span class='ocrx_word' id='word_1_23' title='bbox 1055 669 1166 726; x_wconf 91' lang='lat' dir='ltr'><strong>tamen</strong></span> <span class='ocrx_word' id='word_1_24' title='bbox 1195 663 1294 726; x_wconf 88' lang='lat' dir='ltr'><strong>etiam</strong></span> <span class='ocrx_word' id='word_1_25' title='bbox 1321 663 1405 725; x_wconf 85' lang='lat' dir='ltr'><strong>locis</strong></span> 
     </span>
     <span class='ocr_line' id='line_1_5' title="bbox 231 767 1405 848; baseline 0 -16"><span class='ocrx_word' id='word_1_26' title='bbox 231 769 338 832; x_wconf 89' lang='lat' dir='ltr'><strong>minus</strong></span> <span class='ocrx_word' id='word_1_27' title='bbox 352 769 544 848; x_wconf 84' lang='lat' dir='ltr'><strong>insignibus</strong></span> <span class='ocrx_word' id='word_1_28' title='bbox 559 785 658 846; x_wconf 88' lang='lat' dir='ltr'><strong>saepe</strong></span> <span class='ocrx_word' id='word_1_29' title='bbox 674 767 852 833; x_wconf 87' lang='lat' dir='ltr'><strong>invenitur.</strong></span> <span class='ocrx_word' id='word_1_30' title='bbox 889 769 1003 847; x_wconf 90' lang='lat' dir='ltr'><strong>Neque</strong></span> <span class='ocrx_word' id='word_1_31' title='bbox 1017 777 1141 848; x_wconf 91' lang='lat' dir='ltr'><strong>quanta</strong></span> <span class='ocrx_word' id='word_1_32' title='bbox 1158 770 1203 833; x_wconf 91' lang='lat' dir='ltr'><strong>sit</strong></span> <span class='ocrx_word' id='word_1_33' title='bbox 1218 770 1405 847; x_wconf 78' lang='lat' dir='ltr'><strong>aequalitas</strong></span> 
     </span>
     <span class='ocr_line' id='line_1_6' title="bbox 229 874 1405 958; baseline 0.002 -20"><span class='ocrx_word' id='word_1_34' title='bbox 229 876 475 953; x_wconf 89' lang='lat' dir='ltr'><strong>praescriptum</strong></span> <span class='ocrx_word' id='word_1_35' title='bbox 501 883 568 939; x_wconf 91' lang='lat' dir='ltr'><strong>est:</strong></span> <span class='ocrx_word' id='word_1_36' title='bbox 593 882 663 939; x_wconf 92' lang='lat' dir='ltr'><strong>tum</strong></span> <span class='ocrx_word' id='word_1_37' title='bbox 688 874 814 938; x_wconf 86' lang='lat' dir='ltr'><strong>formae</strong></span> <span class='ocrx_word' id='word_1_38' title='bbox 839 877 1016 940; x_wconf 86' lang='lat' dir='ltr'><strong>verborum</strong></span> <span class='ocrx_word' id='word_1_39' title='bbox 1042 877 1148 940; x_wconf 91' lang='lat' dir='ltr'><strong>solum</strong></span> <span class='ocrx_word' id='word_1_40' title='bbox 1173 875 1299 940; x_wconf 89' lang='lat' dir='ltr'><strong>similes</strong></span> <span class='ocrx_word' id='word_1_41' title='bbox 1317 885 1405 958; x_wconf 89' lang='lat' dir='ltr'><strong>sunt,</strong></span> 
     </span>
     <span class='ocr_line' id='line_1_7' title="bbox 230 983 1405 1064; baseline 0 -17"><span class='ocrx_word' id='word_1_42' title='bbox 230 992 297 1047; x_wconf 90' lang='lat' dir='ltr'><strong>tum</strong></span> <span class='ocrx_word' id='word_1_43' title='bbox 328 983 481 1062; x_wconf 81' lang='lat' dir='ltr'><strong>singulae</strong></span> <span class='ocrx_word' id='word_1_44' title='bbox 511 983 663 1062; x_wconf 84' lang='lat' dir='ltr'><strong>syllabae</strong></span> <span class='ocrx_word' id='word_1_45' title='bbox 693 992 891 1063; x_wconf 86' lang='lat' dir='ltr'><strong>congruunt,</strong></span> <span class='ocrx_word' id='word_1_46' title='bbox 921 991 991 1048; x_wconf 92' lang='lat' dir='ltr'><strong>tum</strong></span> <span class='ocrx_word' id='word_1_47' title='bbox 1020 990 1092 1048; x_wconf 90' lang='lat' dir='ltr'><strong>tota</strong></span> <span class='ocrx_word' id='word_1_48' title='bbox 1128 985 1306 1064; x_wconf 87' lang='lat' dir='ltr'><strong>vocabula,</strong></span> <span class='ocrx_word' id='word_1_49' title='bbox 1335 991 1405 1048; x_wconf 90' lang='lat' dir='ltr'><strong>tum</strong></span> 
     </span>
     <span class='ocr_line' id='line_1_8' title="bbox 232 1095 1004 1170; baseline -0.001 -16"><span class='ocrx_word' id='word_1_50' title='bbox 232 1107 386 1154; x_wconf 87' lang='lat' dir='ltr'><strong>versuum</strong></span> <span class='ocrx_word' id='word_1_51' title='bbox 413 1095 535 1170; x_wconf 88' lang='lat' dir='ltr'><strong>partes,</strong></span> <span class='ocrx_word' id='word_1_52' title='bbox 560 1097 629 1153; x_wconf 93' lang='lat' dir='ltr'><strong>tum</strong></span> <span class='ocrx_word' id='word_1_53' title='bbox 653 1107 771 1154; x_wconf 87' lang='lat' dir='ltr'><strong>versus</strong></span> <span class='ocrx_word' id='word_1_54' title='bbox 795 1097 1004 1167; x_wconf 90' lang='lat' dir='ltr'><strong>repetuntur.</strong></span> 
     </span>
    </p>
   </div>
   <div class='ocr_carea' id='block_1_3' title="bbox 231 1214 1497 2455">
    <p class='ocr_par' dir='ltr' id='par_1_3' title="bbox 231 1214 1497 2455">
     <span class='ocr_line' id='line_1_9' title="bbox 336 1214 1406 1294; baseline 0 -16"><span class='ocrx_word' id='word_1_55' title='bbox 336 1217 381 1278; x_wconf 86' lang='lat' dir='ltr'><strong>At</strong></span> <span class='ocrx_word' id='word_1_56' title='bbox 406 1215 575 1294; x_wconf 90' lang='lat' dir='ltr'><strong>ephymnii</strong></span> <span class='ocrx_word' id='word_1_57' title='bbox 604 1233 688 1278; x_wconf 91' lang='lat' dir='ltr'><strong>unus</strong></span> <span class='ocrx_word' id='word_1_58' title='bbox 718 1214 811 1277; x_wconf 92' lang='lat' dir='ltr'><strong>locus</strong></span> <span class='ocrx_word' id='word_1_59' title='bbox 841 1222 906 1279; x_wconf 90' lang='lat' dir='ltr'><strong>est:</strong></span> <span class='ocrx_word' id='word_1_60' title='bbox 936 1233 1000 1278; x_wconf 91' lang='lat' dir='ltr'><strong>non</strong></span> <span class='ocrx_word' id='word_1_61' title='bbox 1028 1216 1166 1292; x_wconf 91' lang='lat' dir='ltr'><strong>ponitur</strong></span> <span class='ocrx_word' id='word_1_62' title='bbox 1194 1217 1259 1290; x_wconf 85' lang='lat' dir='ltr'><strong>nisi</strong></span> <span class='ocrx_word' id='word_1_63' title='bbox 1286 1218 1318 1280; x_wconf 94' lang='lat' dir='ltr'><strong>iu</strong></span> <span class='ocrx_word' id='word_1_64' title='bbox 1343 1216 1406 1279; x_wconf 84' lang='lat' dir='ltr'><strong>fine</strong></span> 
     </span>
     <span class='ocr_line' id='line_1_10' title="bbox 233 1321 1497 1414; baseline 0.002 -30"><span class='ocrx_word' id='word_1_65' title='bbox 233 1327 398 1385; x_wconf 89' lang='lat' dir='ltr'><strong>certarum</strong></span> <span class='ocrx_word' id='word_1_66' title='bbox 425 1322 583 1385; x_wconf 90' lang='lat' dir='ltr'><strong>carminis</strong></span> <span class='ocrx_word' id='word_1_67' title='bbox 612 1321 772 1400; x_wconf 87' lang='lat' dir='ltr'><strong>partium,</strong></span> <span class='ocrx_word' id='word_1_68' title='bbox 797 1322 869 1387; x_wconf 89' lang='lat' dir='ltr'><strong>sive</strong></span> <span class='ocrx_word' id='word_1_69' title='bbox 894 1323 1053 1386; x_wconf 88' lang='lat' dir='ltr'><strong>maiorum</strong></span> <span class='ocrx_word' id='word_1_70' title='bbox 1080 1321 1152 1387; x_wconf 88' lang='lat' dir='ltr'><strong>sive</strong></span> <span class='ocrx_word' id='word_1_71' title='bbox 1176 1323 1338 1386; x_wconf 91' lang='lat' dir='ltr'><strong>minorum</strong></span> <span class='ocrx_word' id='word_1_72' title='bbox 1367 1359 1407 1368; x_wconf 82' lang='lat'><strong>--</strong></span> <span class='ocrx_word' id='word_1_73' title='bbox 1491 1405 1497 1414; x_wconf 93' lang='lat'>.</span> 
     </span>
     <span class='ocr_line' id='line_1_11' title="bbox 231 1426 1407 1512; baseline 0 -21"><span class='ocrx_word' id='word_1_74' title='bbox 231 1428 317 1506; x_wconf 88' lang='lat' dir='ltr'><strong>quod</strong></span> <span class='ocrx_word' id='word_1_75' title='bbox 347 1429 453 1505; x_wconf 89' lang='lat' dir='ltr'><strong>ipsum</strong></span> <span class='ocrx_word' id='word_1_76' title='bbox 470 1446 600 1505; x_wconf 82' lang='lat' dir='ltr'><strong>¹nomen</strong></span> <span class='ocrx_word' id='word_1_77' title='bbox 630 1429 718 1506; x_wconf 78' lang='lat' dir='ltr'><strong>vult3</strong></span> <span class='ocrx_word' id='word_1_78' title='bbox 749 1437 802 1493; x_wconf 89' lang='lat' dir='ltr'><strong>est</strong></span> <span class='ocrx_word' id='word_1_79' title='bbox 826 1428 922 1509; x_wconf 87' lang='lat' dir='ltr'><strong>enim,</strong></span> <span class='ocrx_word' id='word_1_80' title='bbox 948 1438 985 1494; x_wconf 95' lang='lat' dir='ltr'><strong>ut</strong></span> <span class='ocrx_word' id='word_1_81' title='bbox 1009 1429 1129 1494; x_wconf 82' lang='lat' dir='ltr'><strong>Suidae</strong></span> <span class='ocrx_word' id='word_1_82' title='bbox 1156 1430 1195 1510; x_wconf 78' lang='lat' dir='ltr'><strong>(s.</strong></span> <span class='ocrx_word' id='word_1_83' title='bbox 1221 1426 1267 1512; x_wconf 84' lang='lat' dir='ltr'><strong>v.)</strong></span> <span class='ocrx_word' id='word_1_84' title='bbox 1293 1429 1407 1494; x_wconf 87' lang='lat' dir='ltr'><strong>verbis</strong></span> 
     </span>
     <span class='ocr_line' id='line_1_12' title="bbox 231 1517 1407 1618; baseline 0 -19"><span class='ocrx_word' id='word_1_85' title='bbox 231 1543 318 1616; x_wconf 75' lang='lat' dir='ltr'><strong>utar,</strong></span> <span class='ocrx_word' id='word_1_86' title='bbox 343 1527 380 1594; x_wconf 80' lang='grc' dir='ltr'><strong>τὸ</strong></span> <span class='ocrx_word' id='word_1_87' title='bbox 406 1529 462 1595; x_wconf 78' lang='grc' dir='ltr'><strong>ἐπὶ</strong></span> <span class='ocrx_word' id='word_1_88' title='bbox 485 1534 530 1616; x_wconf 75' lang='grc' dir='ltr'><strong>τῷ</strong></span> <span class='ocrx_word' id='word_1_89' title='bbox 559 1525 651 1618; x_wconf 75' lang='grc' dir='ltr'>ὕμνῳ</span> <span class='ocrx_word' id='word_1_90' title='bbox 680 1517 777 1615; x_wconf 77' lang='grc' dir='ltr'>ᾆσμα,</span> <span class='ocrx_word' id='word_1_91' title='bbox 808 1544 925 1600; x_wconf 92' lang='lat' dir='ltr'><strong>cantus</strong></span> <span class='ocrx_word' id='word_1_92' title='bbox 950 1536 1006 1615; x_wconf 92' lang='lat' dir='ltr'><strong>qui</strong></span> <span class='ocrx_word' id='word_1_93' title='bbox 1031 1536 1072 1600; x_wconf 89' lang='lat' dir='ltr'><strong>ad</strong></span> <span class='ocrx_word' id='word_1_94' title='bbox 1096 1537 1252 1617; x_wconf 87' lang='lat' dir='ltr'><strong>hymnum</strong></span> <span class='ocrx_word' id='word_1_95' title='bbox 1277 1535 1407 1600; x_wconf 85' lang='lat' dir='ltr'><strong>accedit</strong></span> 
     </span>
     <span class='ocr_line' id='line_1_13' title="bbox 233 1643 1407 1723; baseline 0.001 -17"><span class='ocrx_word' id='word_1_96' title='bbox 233 1678 274 1685; x_wconf 96' lang='lat'>—</span> <span class='ocrx_word' id='word_1_97' title='bbox 300 1661 338 1706; x_wconf 92' lang='lat' dir='ltr'><strong>ac</strong></span> <span class='ocrx_word' id='word_1_98' title='bbox 363 1659 494 1720; x_wconf 89' lang='lat' dir='ltr'><strong>semper</strong></span> <span class='ocrx_word' id='word_1_99' title='bbox 521 1643 589 1706; x_wconf 90' lang='lat' dir='ltr'><strong>tale</strong></span> <span class='ocrx_word' id='word_1_100' title='bbox 615 1649 681 1722; x_wconf 87' lang='grc' dir='ltr'>θεῖ,</span> <span class='ocrx_word' id='word_1_101' title='bbox 707 1649 744 1705; x_wconf 94' lang='lat' dir='ltr'><strong>ut</strong></span> <span class='ocrx_word' id='word_1_102' title='bbox 773 1644 972 1707; x_wconf 88' lang='lat' dir='ltr'><strong>sententiam</strong></span> <span class='ocrx_word' id='word_1_103' title='bbox 998 1643 1174 1723; x_wconf 78' lang='lat' dir='ltr'><strong>integram,</strong></span> <span class='ocrx_word' id='word_1_104' title='bbox 1199 1662 1283 1723; x_wconf 91' lang='lat' dir='ltr'><strong>quae</strong></span> <span class='ocrx_word' id='word_1_105' title='bbox 1308 1643 1407 1707; x_wconf 88' lang='lat' dir='ltr'><strong>etiam</strong></span> 
     </span>
     <span class='ocr_line' id='line_1_14' title="bbox 235 1742 1467 1829; baseline 0 -16"><span class='ocrx_word' id='word_1_106' title='bbox 235 1768 255 1813; x_wconf 92' lang='lat' dir='ltr'><strong>a</strong></span> <span class='ocrx_word' id='word_1_107' title='bbox 280 1750 403 1813; x_wconf 90' lang='lat' dir='ltr'><strong>ceteris</strong></span> <span class='ocrx_word' id='word_1_108' title='bbox 433 1748 544 1812; x_wconf 91' lang='lat' dir='ltr'><strong>soluta</strong></span> <span class='ocrx_word' id='word_1_109' title='bbox 573 1748 681 1826; x_wconf 78' lang='lat' dir='ltr'><strong>possit</strong></span> <span class='ocrx_word' id='word_1_110' title='bbox 712 1749 877 1829; x_wconf 80' lang='lat' dir='ltr'><strong>intellegi,</strong></span> <span class='ocrx_word' id='word_1_111' title='bbox 907 1748 1042 1828; x_wconf 84' lang='lat' dir='ltr'><strong>efficiat,</strong></span> <span class='ocrx_word' id='word_1_112' title='bbox 1072 1751 1144 1814; x_wconf 88' lang='lat' dir='ltr'><strong>sive</strong></span> <span class='ocrx_word' id='word_1_113' title='bbox 1174 1751 1324 1813; x_wconf 86' lang='lat' dir='ltr'><strong>continet</strong></span> <span class='ocrx_word' id='word_1_114' title='bbox 1353 1768 1407 1812; x_wconf 84' lang='lat' dir='ltr'><strong>ex·</strong></span> <span class='ocrx_word' id='word_1_115' title='bbox 1465 1742 1467 1744; x_wconf 61' lang='grc'><strong>’</strong></span> 
     </span>
     <span class='ocr_line' id='line_1_15' title="bbox 235 1855 1407 1933; baseline -0.002 -13"><span class='ocrx_word' id='word_1_116' title='bbox 235 1856 465 1920; x_wconf 88' lang='lat' dir='ltr'><strong>clamationem</strong></span> <span class='ocrx_word' id='word_1_117' title='bbox 496 1873 537 1918; x_wconf 85' lang='lat' dir='ltr'><strong>ex</strong></span> <span class='ocrx_word' id='word_1_118' title='bbox 566 1874 630 1918; x_wconf 93' lang='lat' dir='ltr'><strong>uno</strong></span> <span class='ocrx_word' id='word_1_119' title='bbox 659 1855 713 1920; x_wconf 87' lang='lat' dir='ltr'><strong>vel</strong></span> <span class='ocrx_word' id='word_1_120' title='bbox 742 1856 896 1933; x_wconf 91' lang='lat' dir='ltr'><strong>pluribus</strong></span> <span class='ocrx_word' id='word_1_121' title='bbox 925 1857 1064 1920; x_wconf 87' lang='lat' dir='ltr'><strong>vocibus</strong></span> <span class='ocrx_word' id='word_1_122' title='bbox 1099 1864 1306 1920; x_wconf 75' lang='lat' dir='ltr'><strong>constantem</strong></span> <span class='ocrx_word' id='word_1_123' title='bbox 1335 1857 1407 1919; x_wconf 85' lang='lat' dir='ltr'><strong>sive</strong></span> 
     </span>
     <span class='ocr_line' id='line_1_16' title="bbox 232 1961 1407 2040; baseline -0.002 -14"><span class='ocrx_word' id='word_1_124' title='bbox 232 1964 399 2040; x_wconf 86' lang='lat' dir='ltr'><strong>integram</strong></span> <span class='ocrx_word' id='word_1_125' title='bbox 424 1962 697 2026; x_wconf 87' lang='lat' dir='ltr'><strong>enuntiationem.</strong></span> <span class='ocrx_word' id='word_1_126' title='bbox 747 1961 838 2025; x_wconf 85' lang='lat' dir='ltr'><strong>Adeo</strong></span> <span class='ocrx_word' id='word_1_127' title='bbox 863 1971 973 2027; x_wconf 84' lang='lat' dir='ltr'><strong>autem</strong></span> <span class='ocrx_word' id='word_1_128' title='bbox 998 1981 1063 2026; x_wconf 93' lang='lat' dir='ltr'><strong>non</strong></span> <span class='ocrx_word' id='word_1_129' title='bbox 1087 1963 1182 2026; x_wconf 91' lang='lat' dir='ltr'><strong>modo</strong></span> <span class='ocrx_word' id='word_1_130' title='bbox 1207 1963 1241 2026; x_wconf 93' lang='lat' dir='ltr'><strong>in</strong></span> <span class='ocrx_word' id='word_1_131' title='bbox 1268 1962 1407 2027; x_wconf 87' lang='lat' dir='ltr'><strong>Graecis</strong></span> 
     </span>
     <span class='ocr_line' id='line_1_17' title="bbox 234 2069 1408 2158; baseline -0.001 -25"><span class='ocrx_word' id='word_1_132' title='bbox 234 2070 381 2142; x_wconf 73' lang='lat' dir='ltr'><strong>alaricis</strong></span> <span class='ocrx_word' id='word_1_133' title='bbox 399 2070 552 2133; x_wconf 91' lang='lat' dir='ltr'><strong>cantibus</strong></span> <span class='ocrx_word' id='word_1_134' title='bbox 569 2069 750 2158; x_wconf 81' lang='lat' dir='ltr'><strong>invenitur,</strong></span> <span class='ocrx_word' id='word_1_135' title='bbox 769 2069 855 2133; x_wconf 92' lang='lat' dir='ltr'><strong>utin</strong></span> <span class='ocrx_word' id='word_1_136' title='bbox 874 2070 1077 2133; x_wconf 75' lang='lat' dir='ltr'><strong>carminibus</strong></span> <span class='ocrx_word' id='word_1_137' title='bbox 1095 2070 1237 2133; x_wconf 91' lang='lat' dir='ltr'><strong>omnium</strong></span> <span class='ocrx_word' id='word_1_138' title='bbox 1259 2070 1408 2147; x_wconf 87' lang='lat' dir='ltr'><strong>gentium</strong></span> 
     </span>
     <span class='ocr_line' id='line_1_18' title="bbox 234 2160 1409 2256; baseline -0.002 -16"><span class='ocrx_word' id='word_1_139' title='bbox 234 2177 307 2240; x_wconf 91' lang='lat' dir='ltr'><strong>eius</strong></span> <span class='ocrx_word' id='word_1_140' title='bbox 343 2177 393 2240; x_wconf 92' lang='lat' dir='ltr'><strong>rei</strong></span> <span class='ocrx_word' id='word_1_141' title='bbox 429 2160 580 2254; x_wconf 86' lang='lat' dir='ltr'><strong>exempla</strong></span> <span class='ocrx_word' id='word_1_142' title='bbox 615 2177 692 2240; x_wconf 90' lang='lat' dir='ltr'><strong>sint.</strong></span> <span class='ocrx_word' id='word_1_143' title='bbox 746 2175 838 2256; x_wconf 74' lang='lat' dir='ltr'><strong>Quae</strong></span> <span class='ocrx_word' id='word_1_144' title='bbox 881 2177 991 2240; x_wconf 91' lang='lat' dir='ltr'><strong>omnia</strong></span> <span class='ocrx_word' id='word_1_145' title='bbox 1027 2195 1157 2240; x_wconf 90' lang='lat' dir='ltr'><strong>causam</strong></span> <span class='ocrx_word' id='word_1_146' title='bbox 1193 2178 1332 2241; x_wconf 90' lang='lat' dir='ltr'><strong>trahunt</strong></span> <span class='ocrx_word' id='word_1_147' title='bbox 1368 2194 1409 2238; x_wconf 84' lang='lat' dir='ltr'><strong>ex</strong></span> 
     </span>
     <span class='ocr_line' id='line_1_19' title="bbox 235 2282 1408 2364; baseline 0 -18"><span class='ocrx_word' id='word_1_148' title='bbox 235 2283 365 2363; x_wconf 88' lang='lat' dir='ltr'><strong>origine</strong></span> <span class='ocrx_word' id='word_1_149' title='bbox 391 2283 652 2364; x_wconf 80' lang='lat' dir='ltr'><strong>ephymniorum</strong></span> <span class='ocrx_word' id='word_1_150' title='bbox 679 2301 762 2360; x_wconf 90' lang='lat' dir='ltr'><strong>quae</strong></span> <span class='ocrx_word' id='word_1_151' title='bbox 786 2282 858 2361; x_wconf 88' lang='lat' dir='ltr'><strong>ipsa</strong></span> <span class='ocrx_word' id='word_1_152' title='bbox 875 2301 947 2347; x_wconf 92' lang='lat' dir='ltr'><strong>cum</strong></span> <span class='ocrx_word' id='word_1_153' title='bbox 970 2285 1102 2363; x_wconf 87' lang='lat' dir='ltr'><strong>origine</strong></span> <span class='ocrx_word' id='word_1_154' title='bbox 1123 2285 1236 2361; x_wconf 89' lang='lat' dir='ltr'><strong>poesis</strong></span> <span class='ocrx_word' id='word_1_155' title='bbox 1254 2284 1408 2347; x_wconf 85' lang='lat' dir='ltr'><strong>choricae</strong></span> 
     </span>
     <span class='ocr_line' id='line_1_20' title="bbox 235 2398 446 2455; baseline -0.005 -1"><span class='ocrx_word' id='word_1_156' title='bbox 235 2398 288 2455; x_wconf 89' lang='lat' dir='ltr'><strong>est</strong></span> <span class='ocrx_word' id='word_1_157' title='bbox 312 2408 446 2454; x_wconf 84' lang='lat' dir='ltr'><strong>conexa.</strong></span> 
     </span>
    </p>
   </div>
   <div class='ocr_carea' id='block_1_4' title="bbox 164 2514 1416 4306">
    <p class='ocr_par' dir='ltr' id='par_1_4' title="bbox 235 2514 1409 3131">
     <span class='ocr_line' id='line_1_21' title="bbox 342 2514 1409 2596; baseline -0.001 -18"><span class='ocrx_word' id='word_1_158' title='bbox 342 2515 433 2596; x_wconf 74' lang='lat' dir='ltr'><strong>Quae</strong></span> <span class='ocrx_word' id='word_1_159' title='bbox 459 2523 568 2579; x_wconf 87' lang='lat' dir='ltr'><strong>autam</strong></span> <span class='ocrx_word' id='word_1_160' title='bbox 593 2514 697 2578; x_wconf 81' lang='lat' dir='ltr'><strong>suerit</strong></span> <span class='ocrx_word' id='word_1_161' title='bbox 713 2516 821 2592; x_wconf 90' lang='lat' dir='ltr'><strong>prima</strong></span> <span class='ocrx_word' id='word_1_162' title='bbox 837 2515 1038 2594; x_wconf 89' lang='lat' dir='ltr'><strong>propriaque</strong></span> <span class='ocrx_word' id='word_1_163' title='bbox 1056 2517 1107 2580; x_wconf 90' lang='lat' dir='ltr'><strong>vis</strong></span> <span class='ocrx_word' id='word_1_164' title='bbox 1128 2515 1307 2596; x_wconf 82' lang='lat' dir='ltr'><strong>ephymnii‚</strong></span> <span class='ocrx_word' id='word_1_165' title='bbox 1326 2516 1409 2578; x_wconf 89' lang='lat' dir='ltr'><strong>bene</strong></span> 
     </span>
     <span class='ocr_line' id='line_1_22' title="bbox 235 2618 1408 2704; baseline -0.002 -18"><span class='ocrx_word' id='word_1_166' title='bbox 235 2641 276 2686; x_wconf 85' lang='lat' dir='ltr'><strong>ex</strong></span> <span class='ocrx_word' id='word_1_167' title='bbox 311 2623 385 2686; x_wconf 90' lang='lat' dir='ltr'><strong>loco</strong></span> <span class='ocrx_word' id='word_1_168' title='bbox 422 2623 600 2686; x_wconf 89' lang='lat' dir='ltr'><strong>Homerico</strong></span> <span class='ocrx_word' id='word_1_169' title='bbox 637 2618 933 2704; x_wconf 78' lang='lat' dir='ltr'><strong>(11.24‚719sqq)‚</strong></span> <span class='ocrx_word' id='word_1_170' title='bbox 971 2622 1027 2701; x_wconf 91' lang='lat' dir='ltr'><strong>qui</strong></span> <span class='ocrx_word' id='word_1_171' title='bbox 1051 2623 1148 2686; x_wconf 91' lang='lat' dir='ltr'><strong>simul</strong></span> <span class='ocrx_word' id='word_1_172' title='bbox 1172 2623 1311 2700; x_wconf 91' lang='lat' dir='ltr'><strong>primum</strong></span> <span class='ocrx_word' id='word_1_173' title='bbox 1336 2622 1408 2685; x_wconf 87' lang='lat' dir='ltr'><strong>eius</strong></span> 
     </span>
     <span class='ocr_line' id='line_1_23' title="bbox 236 2728 1408 2809; baseline -0.003 -16"><span class='ocrx_word' id='word_1_174' title='bbox 236 2730 270 2793; x_wconf 93' lang='lat' dir='ltr'><strong>in</strong></span> <span class='ocrx_word' id='word_1_175' title='bbox 293 2729 422 2793; x_wconf 88' lang='lat' dir='ltr'><strong>litteris</strong></span> <span class='ocrx_word' id='word_1_176' title='bbox 448 2728 588 2792; x_wconf 83' lang='lat' dir='ltr'><strong>Graecis</strong></span> <span class='ocrx_word' id='word_1_177' title='bbox 618 2728 844 2792; x_wconf 89' lang='lat' dir='ltr'><strong>testimonium</strong></span> <span class='ocrx_word' id='word_1_178' title='bbox 874 2735 939 2808; x_wconf 86' lang='grc' dir='ltr'>θεῖ,</span> <span class='ocrx_word' id='word_1_179' title='bbox 966 2729 1205 2809; x_wconf 79' lang='lat' dir='ltr'><strong>cognoscimus.</strong></span> <span class='ocrx_word' id='word_1_180' title='bbox 1242 2730 1293 2794; x_wconf 84' lang='lat' dir='ltr'><strong>Ibi</strong></span> <span class='ocrx_word' id='word_1_181' title='bbox 1324 2729 1408 2791; x_wconf 90' lang='lat' dir='ltr'><strong>enim</strong></span> 
     </span>
     <span class='ocr_line' id='line_1_24' title="bbox 236 2836 1409 2918; baseline 0 -20"><span class='ocrx_word' id='word_1_182' title='bbox 236 2843 402 2900; x_wconf 91' lang='lat' dir='ltr'><strong>mortuum</strong></span> <span class='ocrx_word' id='word_1_183' title='bbox 437 2837 617 2900; x_wconf 86' lang='lat' dir='ltr'><strong>Hectorem</strong></span> <span class='ocrx_word' id='word_1_184' title='bbox 652 2836 789 2899; x_wconf 81' lang='lat' dir='ltr'><strong>Troiani</strong></span> <span class='ocrx_word' id='word_1_185' title='bbox 826 2837 875 2900; x_wconf 92' lang='lat' dir='ltr'><strong>ita</strong></span> <span class='ocrx_word' id='word_1_186' title='bbox 910 2837 1145 2918; x_wconf 81' lang='lat' dir='ltr'><strong>lamentantur,</strong></span> <span class='ocrx_word' id='word_1_187' title='bbox 1181 2845 1218 2901; x_wconf 96' lang='lat' dir='ltr'><strong>ut</strong></span> <span class='ocrx_word' id='word_1_188' title='bbox 1253 2836 1409 2912; x_wconf 88' lang='lat' dir='ltr'><strong>deinceps</strong></span> 
     </span>
     <span class='ocr_line' id='line_1_25' title="bbox 237 2943 1409 3024; baseline -0.002 -17"><span class='ocrx_word' id='word_1_189' title='bbox 237 2943 479 3023; x_wconf 80' lang='lat' dir='ltr'><strong>Andromache,</strong></span> <span class='ocrx_word' id='word_1_190' title='bbox 506 2943 653 3023; x_wconf 75' lang='lat' dir='ltr'><strong>Hecuba,</strong></span> <span class='ocrx_word' id='word_1_191' title='bbox 679 2943 807 3006; x_wconf 87' lang='lat' dir='ltr'><strong>Helena</strong></span> <span class='ocrx_word' id='word_1_192' title='bbox 830 2944 968 3007; x_wconf 88' lang='lat' dir='ltr'><strong>threnos</strong></span> <span class='ocrx_word' id='word_1_193' title='bbox 985 2952 1114 3024; x_wconf 76' lang='lat' dir='ltr'><strong>canant,</strong></span> <span class='ocrx_word' id='word_1_194' title='bbox 1141 2962 1278 3022; x_wconf 92' lang='lat' dir='ltr'><strong>quorum</strong></span> <span class='ocrx_word' id='word_1_195' title='bbox 1297 2960 1409 3006; x_wconf 93' lang='lat' dir='ltr'><strong>unum-</strong></span> 
     </span>
     <span class='ocr_line' id='line_1_26' title="bbox 238 3048 1052 3131; baseline 0.001 -18"><span class='ocrx_word' id='word_1_196' title='bbox 238 3068 399 3128; x_wconf 86' lang='lat' dir='ltr'><strong>quemque</strong></span> <span class='ocrx_word' id='word_1_197' title='bbox 425 3051 455 3113; x_wconf 90' lang='lat' dir='ltr'><strong>ei</strong></span> <span class='ocrx_word' id='word_1_198' title='bbox 482 3049 537 3128; x_wconf 91' lang='lat' dir='ltr'><strong>qui</strong></span> <span class='ocrx_word' id='word_1_199' title='bbox 561 3048 682 3113; x_wconf 89' lang='lat' dir='ltr'><strong>adsunt</strong></span> <span class='ocrx_word' id='word_1_200' title='bbox 706 3051 861 3127; x_wconf 84' lang='lat' dir='ltr'><strong>excipere</strong></span> <span class='ocrx_word' id='word_1_201' title='bbox 887 3050 1052 3131; x_wconf 84' lang='lat' dir='ltr'><strong>dicuntur,</strong></span> 
     </span>
    </p>

    <p class='ocr_par' dir='ltr' id='par_1_5' title="bbox 230 3138 1358 3346">
     <span class='ocr_line' id='line_1_27' title="bbox 240 3138 1358 3238; baseline -0.002 -17"><span class='ocrx_word' id='word_1_202' title='bbox 240 3176 268 3221; x_wconf 83' lang='lat' dir='ltr'><strong>v.</strong></span> <span class='ocrx_word' id='word_1_203' title='bbox 296 3161 358 3220; x_wconf 87' lang='grc'><strong>746</strong></span> <span class='ocrx_word' id='word_1_204' title='bbox 384 3138 424 3225; x_wconf 77' lang='grc' dir='ltr'><strong>ὧς</strong></span> <span class='ocrx_word' id='word_1_205' title='bbox 449 3151 551 3235; x_wconf 79' lang='grc' dir='ltr'>ἔφατο</span> <span class='ocrx_word' id='word_1_206' title='bbox 575 3146 730 3237; x_wconf 56' lang='grc' dir='ltr'>κλαίοντα,</span> <span class='ocrx_word' id='word_1_207' title='bbox 756 3150 814 3216; x_wconf 82' lang='grc' dir='ltr'><strong>ἐπὶ</strong></span> <span class='ocrx_word' id='word_1_208' title='bbox 839 3153 874 3217; x_wconf 79' lang='grc' dir='ltr'><strong>δὲ</strong></span> <span class='ocrx_word' id='word_1_209' title='bbox 898 3151 1096 3234; x_wconf 76' lang='grc' dir='ltr'>στενάχοντο</span> <span class='ocrx_word' id='word_1_210' title='bbox 1121 3164 1280 3238; x_wconf 78' lang='grc' dir='ltr'>γυναῖκες,</span> <span class='ocrx_word' id='word_1_211' title='bbox 1354 3230 1358 3237; x_wconf 36' lang='grc'>,</span> 
     </span>
     <span class='ocr_line' id='line_1_28' title="bbox 230 3251 1197 3346; baseline 0.003 -25"><span class='ocrx_word' id='word_1_212' title='bbox 230 3282 269 3329; x_wconf 89' lang='lat' dir='ltr'><strong>.v.</strong></span> <span class='ocrx_word' id='word_1_213' title='bbox 295 3269 358 3327; x_wconf 86' lang='lat'><strong>760</strong></span> <span class='ocrx_word' id='word_1_214' title='bbox 383 3251 424 3331; x_wconf 70' lang='grc' dir='ltr'><strong>οἷς</strong></span> <span class='ocrx_word' id='word_1_215' title='bbox 447 3257 550 3342; x_wconf 79' lang='grc' dir='ltr'>ἔφατο</span> <span class='ocrx_word' id='word_1_216' title='bbox 575 3261 742 3344; x_wconf 75' lang='grc' dir='ltr'>κλαίουσα,</span> <span class='ocrx_word' id='word_1_217' title='bbox 768 3257 846 3341; x_wconf 84' lang='grc' dir='ltr'><strong>γόον</strong></span> <span class='ocrx_word' id='word_1_218' title='bbox 870 3253 1054 3325; x_wconf 79' lang='grc' dir='ltr'>δ’ἅλίαστον</span> <span class='ocrx_word' id='word_1_219' title='bbox 1078 3259 1197 3346; x_wconf 77' lang='grc' dir='ltr'>ὄρινεν,</span> 
     </span>
    </p>

    <p class='ocr_par' dir='ltr' id='par_1_6' title="bbox 239 3351 1279 3451">
     <span class='ocr_line' id='line_1_29' title="bbox 239 3351 1279 3451; baseline 0 -18"><span class='ocrx_word' id='word_1_220' title='bbox 239 3389 269 3436; x_wconf 88' lang='lat' dir='ltr'><strong>v.</strong></span> <span class='ocrx_word' id='word_1_221' title='bbox 298 3375 359 3433; x_wconf 89' lang='lat'><strong>776</strong></span> <span class='ocrx_word' id='word_1_222' title='bbox 385 3351 425 3439; x_wconf 67' lang='grc' dir='ltr'><strong>οἷς</strong></span> <span class='ocrx_word' id='word_1_223' title='bbox 450 3363 551 3450; x_wconf 80' lang='grc' dir='ltr'>ἔφατο</span> <span class='ocrx_word' id='word_1_224' title='bbox 577 3360 731 3450; x_wconf 56' lang='lat' dir='ltr'><strong>alarona,</strong></span> <span class='ocrx_word' id='word_1_225' title='bbox 756 3364 812 3431; x_wconf 81' lang='grc' dir='ltr'><strong>ἐπὶ</strong></span> <span class='ocrx_word' id='word_1_226' title='bbox 835 3361 976 3432; x_wconf 74' lang='grc' dir='ltr'>δ’ἔσττνε</span> <span class='ocrx_word' id='word_1_227' title='bbox 1000 3369 1099 3451; x_wconf 78' lang='grc' dir='ltr'>δῆμος</span> <span class='ocrx_word' id='word_1_228' title='bbox 1122 3361 1279 3451; x_wconf 78' lang='grc' dir='ltr'>α’ττείρων.</span> 
     </span>
    </p>

    <p class='ocr_par' dir='ltr' id='par_1_7' title="bbox 164 3476 1416 4306">
     <span class='ocr_line' id='line_1_30' title="bbox 239 3476 1411 3558; baseline -0.001 -17"><span class='ocrx_word' id='word_1_229' title='bbox 239 3476 325 3558; x_wconf 74' lang='lat' dir='ltr'><strong>Quid</strong></span> <span class='ocrx_word' id='word_1_230' title='bbox 360 3477 403 3557; x_wconf 88' lang='lat' dir='ltr'><strong>oi,</strong></span> <span class='ocrx_word' id='word_1_231' title='bbox 439 3477 495 3555; x_wconf 91' lang='lat' dir='ltr'><strong>qui</strong></span> <span class='ocrx_word' id='word_1_232' title='bbox 531 3476 787 3542; x_wconf 90' lang='lat' dir='ltr'><strong>lamentationes</strong></span> <span class='ocrx_word' id='word_1_233' title='bbox 823 3477 1003 3556; x_wconf 83' lang='lat' dir='ltr'><strong>excipiunt,</strong></span> <span class='ocrx_word' id='word_1_234' title='bbox 1038 3478 1265 3557; x_wconf 82' lang='lat' dir='ltr'><strong>pronuntient,</strong></span> <span class='ocrx_word' id='word_1_235' title='bbox 1302 3483 1411 3540; x_wconf 92' lang='lat' dir='ltr'><strong>utrum</strong></span> 
     </span>
     <span class='ocr_line' id='line_1_31' title="bbox 238 3583 1412 3664; baseline -0.002 -15"><span class='ocrx_word' id='word_1_236' title='bbox 238 3585 401 3650; x_wconf 87' lang='lat' dir='ltr'><strong>vocabula</strong></span> <span class='ocrx_word' id='word_1_237' title='bbox 435 3603 477 3648; x_wconf 93' lang='lat' dir='ltr'><strong>an</strong></span> <span class='ocrx_word' id='word_1_238' title='bbox 512 3585 767 3649; x_wconf 86' lang='lat' dir='ltr'><strong>interiectionas</strong></span> <span class='ocrx_word' id='word_1_239' title='bbox 802 3602 911 3647; x_wconf 90' lang='lat' dir='ltr'><strong>moras</strong></span> <span class='ocrx_word' id='word_1_240' title='bbox 936 3583 1077 3664; x_wconf 76' lang='lat' dir='ltr'><strong>doloris,</strong></span> <span class='ocrx_word' id='word_1_241' title='bbox 1102 3603 1167 3648; x_wconf 91' lang='lat' dir='ltr'><strong>non</strong></span> <span class='ocrx_word' id='word_1_242' title='bbox 1191 3584 1275 3648; x_wconf 89' lang='lat' dir='ltr'><strong>dicit</strong></span> <span class='ocrx_word' id='word_1_243' title='bbox 1298 3591 1412 3664; x_wconf 81' lang='lat' dir='ltr'><strong>poeta3</strong></span> 
     </span>
     <span class='ocr_line' id='line_1_32' title="bbox 241 3688 1413 3771; baseline -0.004 -16"><span class='ocrx_word' id='word_1_244' title='bbox 241 3691 299 3756; x_wconf 90' lang='lat' dir='ltr'><strong>sed</strong></span> <span class='ocrx_word' id='word_1_245' title='bbox 324 3691 493 3770; x_wconf 74' lang='lat' dir='ltr'><strong>babemus</strong></span> <span class='ocrx_word' id='word_1_246' title='bbox 524 3690 610 3754; x_wconf 89' lang='lat' dir='ltr'><strong>unde</strong></span> <span class='ocrx_word' id='word_1_247' title='bbox 640 3688 809 3771; x_wconf 88' lang='lat' dir='ltr'><strong>ephymnii</strong></span> <span class='ocrx_word' id='word_1_248' title='bbox 839 3709 908 3754; x_wconf 85' lang='lat' dir='ltr'><strong>mos</strong></span> <span class='ocrx_word' id='word_1_249' title='bbox 939 3699 1033 3756; x_wconf 90' lang='lat' dir='ltr'><strong>ortus</strong></span> <span class='ocrx_word' id='word_1_250' title='bbox 1062 3709 1135 3755; x_wconf 89' lang='lat' dir='ltr'><strong>esse</strong></span> <span class='ocrx_word' id='word_1_251' title='bbox 1164 3690 1330 3770; x_wconf 88' lang='lat' dir='ltr'><strong>putandus</strong></span> <span class='ocrx_word' id='word_1_252' title='bbox 1355 3690 1413 3755; x_wconf 88' lang='lat' dir='ltr'><strong>sit:</strong></span> 
     </span>
     <span class='ocr_line' id='line_1_33' title="bbox 241 3798 1414 3878; baseline -0.002 -17"><span class='ocrx_word' id='word_1_253' title='bbox 241 3818 339 3862; x_wconf 92' lang='lat' dir='ltr'><strong>unum</strong></span> <span class='ocrx_word' id='word_1_254' title='bbox 369 3799 424 3877; x_wconf 90' lang='lat' dir='ltr'><strong>qui</strong></span> <span class='ocrx_word' id='word_1_255' title='bbox 454 3798 567 3877; x_wconf 88' lang='lat' dir='ltr'><strong>aliqua</strong></span> <span class='ocrx_word' id='word_1_256' title='bbox 596 3798 694 3878; x_wconf 75' lang='lat' dir='ltr'><strong>canit,</strong></span> <span class='ocrx_word' id='word_1_257' title='bbox 726 3806 760 3862; x_wconf 90' lang='lat' dir='ltr'><strong>et</strong></span> <span class='ocrx_word' id='word_1_258' title='bbox 794 3799 928 3862; x_wconf 89' lang='lat' dir='ltr'><strong>chorum</strong></span> <span class='ocrx_word' id='word_1_259' title='bbox 963 3800 1019 3877; x_wconf 94' lang='lat' dir='ltr'><strong>qui</strong></span> <span class='ocrx_word' id='word_1_260' title='bbox 1050 3800 1163 3863; x_wconf 89' lang='lat' dir='ltr'><strong>cantui</strong></span> <span class='ocrx_word' id='word_1_261' title='bbox 1197 3798 1267 3862; x_wconf 89' lang='lat' dir='ltr'><strong>eius</strong></span> <span class='ocrx_word' id='word_1_262' title='bbox 1300 3798 1414 3876; x_wconf 93' lang='lat' dir='ltr'><strong>aliqua</strong></span> 
     </span>
     <span class='ocr_line' id='line_1_34' title="bbox 242 3903 1414 3984; baseline 0 -17"><span class='ocrx_word' id='word_1_263' title='bbox 242 3903 345 3968; x_wconf 88' lang='lat' dir='ltr'><strong>addit.</strong></span> <span class='ocrx_word' id='word_1_264' title='bbox 385 3905 437 3968; x_wconf 81' lang='lat' dir='ltr'><strong>Ex</strong></span> <span class='ocrx_word' id='word_1_265' title='bbox 462 3905 650 3969; x_wconf 90' lang='lat' dir='ltr'><strong>huiusmodi</strong></span> <span class='ocrx_word' id='word_1_266' title='bbox 675 3906 821 3982; x_wconf 91' lang='lat' dir='ltr'><strong>simplici</strong></span> <span class='ocrx_word' id='word_1_267' title='bbox 845 3904 950 3968; x_wconf 84' lang='lat' dir='ltr'><strong>forma</strong></span> <span class='ocrx_word' id='word_1_268' title='bbox 974 3923 1128 3969; x_wconf 89' lang='lat' dir='ltr'><strong>versuum</strong></span> <span class='ocrx_word' id='word_1_269' title='bbox 1153 3905 1414 3984; x_wconf 81' lang='lat' dir='ltr'><strong>intercalarium,</strong></span> 
     </span>
     <span class='ocr_line' id='line_1_35' title="bbox 240 4010 1414 4092; baseline 0 -17"><span class='ocrx_word' id='word_1_270' title='bbox 240 4011 428 4090; x_wconf 91' lang='lat' dir='ltr'><strong>ubicunque</strong></span> <span class='ocrx_word' id='word_1_271' title='bbox 463 4013 689 4092; x_wconf 78' lang='lat' dir='ltr'><strong>inveniuntur,</strong></span> <span class='ocrx_word' id='word_1_272' title='bbox 727 4029 820 4075; x_wconf 91' lang='lat' dir='ltr'><strong>usum</strong></span> <span class='ocrx_word' id='word_1_273' title='bbox 856 4010 1044 4089; x_wconf 85' lang='lat' dir='ltr'><strong>profectum</strong></span> <span class='ocrx_word' id='word_1_274' title='bbox 1080 4029 1154 4076; x_wconf 89' lang='lat' dir='ltr'><strong>esse</strong></span> <span class='ocrx_word' id='word_1_275' title='bbox 1183 4029 1255 4075; x_wconf 90' lang='lat' dir='ltr'><strong>mea</strong></span> <span class='ocrx_word' id='word_1_276' title='bbox 1284 4011 1414 4089; x_wconf 92' lang='lat' dir='ltr'><strong>quidem</strong></span> 
     </span>
     <span class='ocr_line' id='line_1_36' title="bbox 164 4105 1416 4198; baseline 0.001 -18"><span class='ocrx_word' id='word_1_277' title='bbox 164 4127 168 4137; x_wconf 91' lang='grc'><em>·</em></span> <span class='ocrx_word' id='word_1_278' title='bbox 242 4105 409 4182; x_wconf 90' lang='lat' dir='ltr'><strong>sententia</strong></span> <span class='ocrx_word' id='word_1_279' title='bbox 438 4124 580 4198; x_wconf 72' lang='lat' dir='ltr'><strong>constat,</strong></span> <span class='ocrx_word' id='word_1_280' title='bbox 611 4136 797 4196; x_wconf 90' lang='lat' dir='ltr'><strong>quanquam</strong></span> <span class='ocrx_word' id='word_1_281' title='bbox 826 4117 899 4181; x_wconf 89' lang='lat' dir='ltr'><strong>fieri</strong></span> <span class='ocrx_word' id='word_1_282' title='bbox 928 4124 1111 4197; x_wconf 80' lang='lat' dir='ltr'><strong>potestat,</strong></span> <span class='ocrx_word' id='word_1_283' title='bbox 1137 4119 1166 4182; x_wconf 91' lang='lat' dir='ltr'><strong>si</strong></span> <span class='ocrx_word' id='word_1_284' title='bbox 1191 4119 1416 4197; x_wconf 88' lang='lat' dir='ltr'><strong>quisnostris</strong></span> 
     </span>
     <span class='ocr_line' id='line_1_37' title="bbox 242 4224 1415 4306; baseline -0.001 -18"><span class='ocrx_word' id='word_1_285' title='bbox 242 4225 447 4302; x_wconf 90' lang='lat' dir='ltr'><strong>temporibus</strong></span> <span class='ocrx_word' id='word_1_286' title='bbox 483 4225 517 4288; x_wconf 91' lang='lat' dir='ltr'><strong>in</strong></span> <span class='ocrx_word' id='word_1_287' title='bbox 554 4225 700 4288; x_wconf 91' lang='lat' dir='ltr'><strong>carmine</strong></span> <span class='ocrx_word' id='word_1_288' title='bbox 737 4224 916 4288; x_wconf 90' lang='lat' dir='ltr'><strong>scribendo</strong></span> <span class='ocrx_word' id='word_1_289' title='bbox 950 4244 989 4288; x_wconf 88' lang='lat' dir='ltr'><strong>ea</strong></span> <span class='ocrx_word' id='word_1_290' title='bbox 1024 4224 1263 4289; x_wconf 90' lang='lat' dir='ltr'><strong>consuetudine</strong></span> <span class='ocrx_word' id='word_1_291' title='bbox 1296 4225 1415 4306; x_wconf 87' lang='lat' dir='ltr'><strong>utitur,</strong></span> 
     </span>
    </p>
   </div>
   <div class='ocr_carea' id='block_1_5' title="bbox 0 0 1574 4890">
    <p class='ocr_par' dir='ltr' id='par_1_8' title="bbox 0 0 1574 4890">
     <span class='ocr_line' id='line_1_38' title="bbox 0 0 1574 4890; baseline 0 0"><span class='ocrx_word' id='word_1_292' title='bbox 0 0 1574 4890; x_wconf 95' lang='lat' dir='ltr'><strong> </strong></span> 
     </span>
    </p>
   </div>
  </div>
 </body>
</html>
