3112 4890
690 248 855 329 .9’--

169 461 255 527 idem
290 462 501 542 ephymnium
538 472 671 527 exeunt.
719 463 812 527 Duae
848 471 958 528 autom
995 463 1129 541 saepius
1167 471 1344 528 recurrent

169 569 392 649 quaestiones,
423 569 529 646 prima
558 589 622 648 quo
651 570 746 634 modo
776 571 924 634 1111111111
953 588 1024 635 cum
1054 570 1243 650 ephymniis
1268 589 1344 635 con-

169 677 283 741 iuucta
308 677 377 741 sint
400 677 632 755 pronuntiata3
657 677 696 740 de
721 677 851 755 quaed
876 676 1121 741 diiudicandum
1148 677 1346 741 difficillima

169 784 301 848 nonnisi
317 784 373 847 ubi
391 784 577 849 verisimile
594 784 718 863 aliquid
736 783 907 850 videbitur
923 783 1082 848 affirmari
1097 803 1196 862 posse
1208 786 1344 868 loquar;

94 952 98 961 .
168 891 288 971 altera,
327 909 402 954 num
442 891 565 970 ubique
606 892 638 955 in
679 892 778 955 libris
817 891 1055 970 manuscriptis
1095 898 1232 957 servata
1276 891 1345 957 sint

170 996 357 1078 ephymnia.

275 1106 386 1183 Atque
422 1111 459 1168 ut
489 1105 746 1182 progrediamur
782 1125 802 1169 a
830 1104 1036 1181 simpliciore
1065 1103 1172 1168 forma
1196 1104 1237 1169 ad
1262 1105 1345 1169 arti·

169 1211 379 1291 ficiosiorem
403 1210 487 1275 illud
512 1212 795 1289 simplicissimum
821 1229 938 1291 genus,
963 1219 1000 1276 ut
1024 1212 1223 1276 exclamatio
1249 1212 1343 1276 chori

169 1318 209 1383 ad
235 1325 365 1382 cautum
391 1336 485 1396 quem
511 1319 706 1383 cecinerunt
730 1320 881 1383 nonnulli
907 1319 962 1384 vel
986 1337 1070 1383 unus
1094 1318 1233 1383 accedat
1250 1320 1345 1398 quasi

169 1441 426 1505 supervacanea,
444 1425 530 1504 apud
548 1427 750 1506 Aeschylum
766 1444 832 1491 non
849 1434 970 1507 exstat,
995 1425 1059 1490 nisi
1076 1425 1345 1491 interiectionem

169 1524 209 1615 ἠέ
233 1533 268 1596 iu
295 1532 359 1596 fine
388 1533 553 1598 secundae
582 1535 740 1611 strophae
770 1542 804 1599 et
833 1535 1064 1612 antistrophae
1094 1533 1230 1598 secundi
1263 1535 1345 1598 Per-

169 1656 279 1705 sarum
304 1639 436 1704 fabulae
462 1641 590 1705 stasimi
614 1642 757 1719 positam
782 1641 831 1706 ita
847 1640 1037 1722 accipimus,
1063 1641 1102 1705 de
1119 1660 1183 1720 qua
1198 1660 1237 1705 re
1257 1641 1346 1706 infra

169 1747 355 1812 videbimus
380 1743 424 1830 (p.
445 1747 510 1828 15).
558 1748 622 1812 Sed
652 1749 755 1828 locus,
786 1749 842 1826 qui
872 1749 913 1811 ab
943 1766 982 1811 eo
998 1733 1068 1812 'usu
1094 1747 1181 1812 haud
1206 1749 1344 1813 multum

170 1855 276 1935 abest,
305 1860 359 1919 est
387 1854 462 1918 finis
490 1855 725 1937 Eumenidum,
750 1855 827 1919 indo
852 1874 994 1919 eversu
1022 1859 1117 1919 1033.
1165 1856 1344 1933 Postquam

171 1962 294 2026 Furiae
329 1963 505 2040 promissis
541 1963 648 2027 sacris
686 1981 724 2026 ao
760 1963 927 2040 religione
964 1963 1067 2026 irasci
1096 1960 1183 2040 quod
1207 1963 1345 2026 Orestes

170 2070 316 2148 ipsarum
340 2071 465 2133 numini
483 2068 642 2149 suffragio
660 2071 942 2148 Areopagitarum
961 2069 1156 2147 calculoque
1173 2069 1344 2134 Minervae

171 2184 260 2241 esset
284 2176 454 2240 detractus
484 2177 671 2258 desierunt,
702 2178 765 2241 iam
791 2196 848 2241 eas
873 2176 947 2241 dum
973 2194 1073 2241 scena
1097 2182 1221 2240 exeunt
1244 2177 1345 2241 comi-

170 2283 268 2349 mites
293 2301 332 2346 eo
357 2292 615 2365 prosequuntur,
637 2285 692 2348 ulti
717 2284 813 2349 sedes
835 2302 946 2348 earum
965 2284 1075 2348 cultus
1093 2284 1170 2365 erit,
1188 2291 1344 2348 canentes

171 2391 234 2454 hoc
257 2409 388 2454 carmen
413 2392 600 2472 eplrymniis
625 2400 744 2470 quater
768 2392 1008 2469 interruptum:

215 2498 281 2566 Str.
308 2505 336 2563 l.
384 2500 473 2560 Βᾶτε
497 2492 596 2582 δόμιγ,
621 2493 760 2577 μεγάλαι
784 2496 955 2578 φιλότιμοι

383 2599 512 2674 Νοκτδς
536 2604 652 2674 παῖδες
676 2600 824 2687 ἄπαιδες,
850 2596 909 2666 ὑπ’
933 2601 1070 2687 εὔφρονι
1094 2607 1218 2686 πομπᾷ

383 2749 426 2757 -
449 2705 631 2794 εὐφαμεῖτε
655 2711 690 2774 δὲ
713 2712 876 2791 παυδαμί.

216 2821 291 2884 Ant.
319 2825 347 2884 1.
384 2822 439 2898 γᾶς
463 2813 530 2881 ὑπὸ
555 2814 714 2881 κεύθεσιν
738 2813 883 2898 ὠγυγίοις
906 2814 947 2890 δς

383 2934 492 3006 τιμαῖς
516 2928 571 2988 καὶ
594 2929 725 2997 θυσίαις
749 2930 934 3010 περίσεπτα
957 2923 1075 3010 τύχητε
1088 2926 1123 3010 ¹).

384 3071 424 3080 -
450 3029 631 3116 εὐφαμεῖτε
654 3034 688 3097 δὲ
713 3035 874 3114 παυδαμί.

223 3144 235 3169 ¹
307 3154 336 3207 ‘.
384 3140 474 3204 ἵλαοι
499 3141 533 3204 δὲ
557 3142 611 3203 καὶ
635 3137 840 3225 εδθάφροοες
863 3147 902 3225 γᾷ

384 3241 474 3331 δεῦρ’
497 3248 557 3331 ἴτε,
582 3252 709 3330 σεμναί,
736 3245 938 3335 πυριδάπτῳ

382 3353 533 3437 λαμπάδι
556 3353 761 3439 τερπόμεναι
786 3349 952 3422 καθ’δδόυ.

384 3503 424 3510 -
448 3459 622 3538 ὀλολύξατε
645 3467 705 3526 νῦν
729 3461 784 3527 ἐπὶ
808 3465 963 3544 μολπαῖς.

215 3575 292 3640 Ant.
317 3581 347 3638 2.
383 3573 525 3635 σπονδαὶ
549 3564 611 3640 δ’ἐς
633 3567 671 3633 τδ
696 3573 768 3634 πᾶν
792 3568 937 3640 ἔνδαιδες
961 3569 1060 3634 οἴκων

387 3676 555 3749 Παλλάδος
579 3673 694 3750 οἰστοῖς.
743 3673 824 3749 Ζεὺς
849 3673 896 3766 [d]
921 3675 1137 3757 nordmanni)

304 3860 307 3865 Ι
385 3776 612 3866 οὕτοΓΜοῐρά
631 3806 668 3848 τε
692 3788 883 3865 συγκατέβα.

451 3886 625 3967 ὀλολύξατε
649 3895 709 3954 νῦν
733 3888 788 3954 ἐπὶ
813 3892 965 3972 μολπαῖς.

279 4086 305 4157 1)
325 4075 456 4159 ιδγογίοις
475 4078 510 4147 ὦς
530 4094 558 4144 11
579 4092 730 4160 auspicante
750 4082 849 4158 τύχητε
870 4106 921 4157 pro
942 4074 1104 4156 ὠγυγίοισιν
1123 4091 1153 4141 11
1176 4089 1342 4157 rapiamur

171 4170 280 4248 ιὺγαιτι
300 4177 458 4233 Kirchhoff.

277 4264 306 4339 2)
326 4265 374 4323 Sic
392 4285 444 4337 pro
465 4254 569 4322 άστοῐσι
587 4261 658 4327 Ζεὺς
677 4261 833 4327 παντόπτας
851 4267 1012 4338 Musgrave.
