3112 4890
652 232 862 298 „43„.

168 427 334 494 videntur.
381 430 556 508 Propriam
581 430 646 494 vim
673 429 853 511 ephymnii‚
886 431 941 494 uhi
973 430 1134 495 traditum
1168 439 1229 510 est,
1261 432 1344 495 bene

169 535 297 601 servari
321 554 422 614 supra
451 535 594 601 vidimus
619 531 665 618 (p.
681 534 747 619 37).
796 535 891 619 Quod
915 537 1022 602 minus
1047 538 1105 602 fiat
1129 539 1235 615 primo
1270 539 1344 603 loco

168 643 346 723 tertioque,
388 662 459 707 cum
500 649 535 706 et
573 643 718 708 Helenae
764 646 1032 709 commemoratio
1078 653 1112 709 et
1161 644 1346 724 sepeliendi

169 749 293 813 domini
329 768 410 813 cura
443 750 549 828 magis
585 749 625 814 ad
662 751 796 830 singula
828 752 999 828 pertineat
1035 751 1195 829 quemad
1221 765 1344 815 merum

169 857 348 938 planctum,
374 875 458 935 quae
484 865 536 922 est
559 875 684 921 summa
708 858 814 922 totius
839 858 1006 922 carminis.
1042 859 1156 936 Neque
1178 858 1264 937 quod
1282 877 1346 923 vox

168 953 322 1045 α’ληθσίρ,
359 981 443 1042 quae
480 965 514 1028 in
551 964 667 1029 ultimo
703 982 803 1030 versu
842 965 979 1043 repetiti
1016 965 1186 1046 ephymnii
1224 973 1346 1045 exstet,

168 1088 269 1137 versu
294 1071 483 1149 insequenti
507 1077 672 1151 recurrat,
698 1072 831 1149 placere
855 1072 982 1150 possit;
1008 1091 1081 1136 nam
1106 1091 1178 1136 cum
1212 1091 1241 1136 v.
1262 1076 1347 1136 1524

170 1177 369 1243 adiectivum
393 1171 500 1246 δόλιος
524 1196 541 1241 e
566 1196 666 1243 versu
703 1179 799 1242 unius
832 1196 951 1246 versus
976 1179 1155 1246 intervallo
1180 1185 1347 1260 separato,

172 1289 256 1348 1520
281 1280 337 1366 (cf.
362 1279 584 1369 p.'59,ann.),
619 1286 743 1350 resumi
781 1305 800 1349 a
840 1285 1084 1366 Clytaemestra
1115 1285 1154 1350 de
1180 1285 1346 1351 industria

171 1401 269 1469 poeta
303 1390 434 1473 fecerit,
472 1399 509 1456 ut
543 1393 662 1472 regina
697 1391 737 1455 ad
772 1393 897 1456 crimen
922 1390 1018 1476 δολίῳ
1042 1386 1133 1475 μόρῳ
1158 1391 1273 1470 δαμείς
1296 1410 1347 1456 re·

171 1497 361 1578 sponderet,
385 1499 495 1563 simile
521 1498 599 1578 quid
624 1517 696 1563 eum
716 1486 775 1564 'hic
801 1500 925 1564 iterata
948 1492 1347 1582 vocedlqtrot‘qvoluisse

170 1607 395 1685 suspicemur;
427 1605 514 1685 quod
548 1626 612 1670 non
648 1606 696 1671 ita
720 1614 782 1688 est,
814 1607 977 1686 siquidem
1003 1607 1179 1672 interduo
1204 1596 1348 1691 ἀληθείᾳ

171 1713 263 1778 nulla
296 1714 385 1778 ratio
421 1714 611 1778 intercedit.
659 1715 810 1793 Denique
847 1715 965 1779 mirum
1001 1716 1047 1780 sit
1083 1714 1169 1793 quod
1203 1714 1347 1780 secundo

171 1821 245 1885 loco
270 1821 481 1902 ephymnium
515 1830 682 1887 servatum
713 1829 775 1902 est,
800 1823 906 1899 primo
932 1829 966 1886 et
989 1821 1091 1887 tertio
1116 1822 1229 1900 periit.
1265 1821 1348 1885 Nam

171 1927 200 1991 si
223 1928 403 1992 voluerunt
433 1928 566 1992 librarii
598 1946 658 2006 per
690 1927 918 2007 compendium
944 1929 1005 1993 hoc
1030 1947 1161 1994 carmen
1187 1929 1348 2009 scribere,

171 2035 283 2112 potius
320 2017 425 2113 primo
462 2035 536 2099 loco
572 2037 783 2116 ephymnium
820 2035 1021 2114 exscripturi
1053 2034 1197 2115 fuerunt,
1224 2036 1348 2100 ceteris

171 2150 251 2207 nota
274 2143 387 2221 aliqua
411 2142 644 2224 significaturi,
669 2162 766 2222 quam
791 2161 862 2207 eam
886 2143 1061 2220 rationem,
1091 2162 1156 2223 qua
1187 2142 1346 2208 traditum

171 2255 233 2329 cst,
258 2249 419 2313 secuturi.
466 2248 530 2314 Sed
554 2249 652 2313 huius
677 2267 807 2329 quoqne
831 2250 881 2313 rei
917 2249 1091 2315 Wecklein
1128 2249 1259 2329 (Fleck.
1292 2249 1347 2313 Jb.

171 2356 193 2419 l.
210 2353 247 2439 l.)
272 2374 403 2420 causam
440 2356 559 2420 afferre
595 2355 718 2424 studet.
751 2357 854 2420 Putat
889 2357 973 2420 onim
1009 2375 1075 2420 non
1111 2374 1226 2420 errore
1251 2363 1348 2420 notas

171 2463 422 2542 neglegentium
447 2481 520 2527 esse
544 2462 679 2544 factum,
704 2472 741 2528 ut
766 2464 976 2544 ephymnium
1001 2464 1053 2528 bis
1070 2463 1250 2543 excideret,
1275 2482 1348 2527 cum

170 2587 208 2633 eo
235 2570 321 2650 loco,
346 2589 410 2649 quo
435 2578 573 2648 propter
598 2588 756 2634 conexum
783 2587 901 2635 sensus
918 2570 1035 2634 abesse
1053 2589 1118 2634 non
1136 2570 1254 2651 possit,
1272 2577 1349 2648 post

169 2677 413 2753 antistropham
428 2696 454 2757 γ,
497 2686 666 2742 servatum
706 2678 763 2758 sit,
803 2677 860 2741 sed
901 2694 939 2740 eo
981 2676 1066 2756 quod
1107 2676 1146 2741 de
1182 2676 1349 2741 industria

170 2784 319 2848 homines
336 2784 446 2848 critici
463 2784 642 2866 ephymnia
657 2784 697 2848 ad
716 2802 847 2849 sensum
866 2803 931 2848 non
947 2785 1140 2849 necessaria
1156 2784 1347 2854 eiecissent

171 2890 299 2954 scholio
335 2890 376 2956 ad
408 2894 466 2956 Ar.
498 2892 581 2957 Ran.
612 2897 744 2956 v.1285
774 2910 853 2956 usus
877 2892 957 2956 hoc:
989 2889 1075 2960 τινὲς
1098 2888 1133 2952 δὲ
1157 2890 1213 2951 καὶ
1236 2907 1347 2974 σημει-

171 2999 285 3058 οῦνιαι
309 2990 400 3079 αὐτό,
425 2990 563 3060 ὅτιτῶν
588 2997 779 3080 διορθωτῶν
802 2996 888 3067 τινὲς
912 2996 1084 3080 περιεῖλον
1107 2992 1164 3067 τὰς
1194 2991 1349 3064 τοιαύτας

171 3100 207 3165 ἑο
230 3110 297 3173 ιοῐς
320 3103 433 3182 μέλεσι
457 3108 663 3187 προσθέσεις.
711 3106 774 3170 Sed
799 3107 939 3170 maxime
964 3105 1096 3169 dubium
1122 3113 1184 3187 est,
1213 3123 1287 3168 num
1314 3102 1348 3167 id

173 3212 335 3276 scholium
372 3212 412 3276 ad
448 3221 596 3277 nostram
633 3232 763 3277 causam
801 3212 951 3277 adhiberi
987 3212 1091 3277 liceat
1121 3211 1221 3294 (quod
1245 3228 1348 3290 negat

173 3320 282 3383 locum
316 3327 457 3399 tangens
493 3318 585 3400 Grai,
635 3320 656 3384 l.
681 3321 703 3386 l.
717 3339 747 3398 p.
763 3320 828 3399 68).
872 3319 969 3391 ⁸Nam
1005 3320 1063 3383 illo
1099 3320 1347 3397 Aristophaneo

173 3424 652 3509 φλαττοθραιιοφλαιτοθροι,
696 3427 783 3506 quod
815 3428 1016 3492 scholiastes
1047 3435 1188 3507 spectat,
1213 3425 1348 3492 videtur

173 3534 286 3613 aliqua
299 3534 456 3616 Aeschyli
470 3533 674 3600 consuetudo
687 3535 824 3599 irrideri
842 3553 926 3613 quae
943 3534 984 3599 ad
1001 3535 1073 3599 eius
1090 3553 1158 3598 rem
1177 3533 1346 3611 musicam,

175 3660 239 3705 non
264 3660 349 3719 quae
373 3641 413 3705 ad
439 3643 541 3707 verba
558 3648 616 3706 aut
632 3660 763 3706 sensum
781 3642 958 3721 pertineat,
977 3652 1011 3706 ct
1028 3642 1190 3706 scholium
1213 3638 1348 3704 videtur

176 3748 271 3825 plano
296 3748 381 3812 artis
405 3748 551 3812 musicae
576 3765 650 3812 esse
674 3758 774 3826 atque
799 3766 900 3827 agere
921 3746 960 3811 de
984 3747 1121 3812 traditis
1149 3746 1348 3809 instrumen-

176 3863 285 3920 torum
325 3855 427 3935 soniS‚
466 3861 525 3918 aut
563 3857 625 3918 hoc
664 3862 791 3920 tantum
828 3873 866 3918 eo
908 3853 1047 3918 indicari
1084 3850 1348 3934 φλαιτοθραιτο-

176 3959 387 4043 clearchum
433 3980 505 4025 cum
552 3979 711 4040 nusquam
758 3960 845 4040 apud
881 3961 1081 4042 Aeschylum
1111 3958 1348 4039 repperissent,

177 4069 325 4133 homines
361 4068 477 4133 doctos
516 4069 688 4148 putavisse
724 4088 743 4132 a
779 4068 1027 4133 correctoribus
1063 4085 1137 4133 esse
1169 4066 1346 4155 sublatum.

177 4175 370 4261 Praeterea,
405 4178 434 4240 si
471 4195 585 4246 verum
611 4184 702 4241 esset
732 4175 818 4262 quod
844 4175 1016 4245 Wecklein
1040 4182 1146 4254 putat,
1170 4173 1349 4255 διορθωιαὶ
