3112 4890
160 474 246 538 haud
279 474 421 538 alienum
454 479 575 550 putem.
624 472 784 536 Fortasse
817 471 941 536 dixerit
978 473 1052 550 quis
1084 475 1273 553 coryphaec
1304 475 1332 538 si

159 590 235 659 post
260 580 475 658 anapaestico
510 585 693 658 systemata
730 579 830 642 etiam
866 579 948 643 haec
984 579 1100 656 paredi
1134 600 1211 657 pars
1236 580 1335 645 detur

159 689 257 752 nimis
281 688 385 752 tribui
411 686 548 750 laboris.
589 685 652 750 Sed
678 704 749 748 cum
769 686 977 750 Weckleinio
1002 686 1047 765 (p.
1065 687 1143 767 232)
1169 706 1231 751 non
1254 695 1334 765 puto

160 795 193 859 id
219 795 301 859 satis
325 812 401 858 esse
426 792 466 856 ad
491 791 707 856 refellendam
735 793 941 857 sentendiam
964 800 1128 872 nostram3
1160 813 1200 858 an
1230 796 1334 858 multo

160 904 268 966 minor
292 909 345 966 est
369 902 465 965 labor
488 900 587 963 donis
613 900 829 979 Aeschyleae
856 918 939 978 quae
969 902 1001 964 in
1026 902 1226 965 Prometheo
1257 911 1336 980 post

160 1009 402 1088 quinquaginta
439 1007 578 1071 circiter
612 1025 730 1070 versus
766 1007 894 1086 lyricos
930 1008 1002 1071 sine
1039 1007 1141 1094 dubie
1183 1016 1335 1073 cantatos

159 1112 236 1199 (661
253 1118 335 1194 sqq.)
361 1115 436 1178 inde
462 1134 481 1179 a
505 1132 603 1178 versu
631 1118 694 1176 640
720 1132 823 1191 usrpre
848 1113 889 1178 ad
915 1120 977 1178 657
1005 1115 1176 1192 excipiens
1200 1117 1335 1179 Prome-

159 1225 269 1288 theum
308 1223 431 1301 decem,
468 1220 544 1285 inde
576 1240 595 1283 a
630 1239 661 1284 v.
676 1227 738 1283 667
765 1239 869 1297 paene
895 1221 1136 1300 quinquaginta
1160 1223 1336 1287 trimetros

159 1331 380 1408 pronuntiat?
416 1348 457 1392 an
494 1347 606 1392 earum
649 1327 823 1405 Euripidis
858 1346 1094 1407 personarum,
1136 1348 1219 1407 quae
1260 1337 1336 1408 post

157 1438 277 1514 longos
301 1438 445 1515 partium
472 1436 713 1510 dialogicarum
739 1453 910 1499 sermones
934 1436 1026 1499 solae
1055 1436 1156 1510 longa
1188 1439 1336 1502 carmina

159 1544 303 1609 canunt?
350 1544 419 1607 Nec
444 1542 581 1606 maioris
606 1542 760 1607 momenti
787 1541 819 1605 id
845 1560 919 1606 esse
937 1542 1090 1607 existimo
1114 1543 1199 1621 quod
1218 1552 1336 1608 contra

158 1670 196 1716 ea
233 1669 316 1730 quae
355 1649 603 1727 explanavimus
639 1649 783 1713 forsitan
819 1648 969 1714 dicatur:
1001 1649 1170 1715 insolitum
1196 1669 1269 1716 esse
1294 1652 1335 1716 ah

159 1778 223 1822 uno
260 1759 430 1835 stropham
466 1756 709 1833 antistropham
748 1755 885 1833 epletium
924 1757 1064 1821 cantari.
1117 1756 1211 1839 Quod
1249 1759 1335 1822 enim

161 1866 335 1931 Wecklein
361 1864 496 1944 conicit,
520 1863 666 1928 fortasse
691 1863 746 1926 hic
770 1871 899 1940 poetam
926 1863 1070 1941 aliquam
1096 1865 1200 1942 prisci
1234 1884 1336 1943 popu-

159 1974 241 2037 laris
278 1980 395 2037 cantus
432 1970 703 2035 consuetudinem
740 1989 812 2033 esse
850 1971 1026 2051 imitatum,
1062 1973 1116 2036 vel
1152 1973 1220 2036 tale
1256 1971 1335 2051 quid

159 2081 309 2158 potuisse
335 2097 465 2143 causam
492 2079 564 2142 eius
588 2079 637 2141 rei
664 2095 739 2141 esse
770 2076 999 2158 concedemus
1032 2080 1230 2156 praesertim
1264 2099 1335 2144 cum
1384 2062 1390 2070 ⁸

161 2186 334 2251 admodum
360 2184 540 2260 singularis
566 2186 612 2249 sit
635 2192 708 2248 tota
732 2185 889 2249 carminis
912 2183 1028 2249 forma.

265 2294 303 2358 ln
330 2293 476 2357 carmine
512 2293 572 2356 illo
610 2293 787 2356 Persarum
824 2291 969 2372 fabulae,
997 2312 1060 2372 quo
1089 2293 1210 2357 niortui
1237 2293 1336 2357 ilarii

160 2402 278 2465 umbra
302 2412 343 2464 ex
368 2400 485 2464 inferis
510 2399 646 2462 elicitur
671 2401 711 2471 (v.
737 2403 800 2463 636
819 2400 916 2479 squ),
940 2399 1026 2463 idam
1052 2418 1170 2464 versus

446 2518 545 2603 βάσκε
570 2518 676 2603 πάτερ
699 2516 804 2584 ἄκακε
828 2517 986 2604 (lupercis,
1013 2514 1054 2587 οἷ.

161 2653 192 2716 in
219 2652 281 2715 fine
307 2658 359 2715 est
382 2650 506 2714 tertiae
532 2651 689 2727 strophae
715 2657 749 2714 et
765 2649 888 2714 tertiae
909 2650 1151 2727 antistrophae.
1187 2651 1334 2715 Primum

161 2758 405 2836 secundumque
431 2758 643 2835 stropharum
669 2758 764 2835 paria
782 2764 815 2820 et
833 2757 957 2834 epodus
975 2758 1163 2836 ephymniis
1182 2757 1337 2823 videntur

161 2884 287 2931 carere.
328 2864 421 2946 erod
447 2866 495 2928 ita
519 2864 655 2928 tertium
674 2882 735 2941 par
751 2872 850 2942 poeta
868 2863 1032 2944 distinxit,
1050 2883 1113 2927 non
1132 2872 1184 2929 est
1201 2865 1336 2939 mirum;

160 2992 234 3036 narn
260 2973 366 3037 totius
391 2972 547 3036 carminis
572 2990 730 3035 summum
749 2971 842 3049 quasi
861 2970 1032 3050 fastigium
1052 2979 1119 3035 est:
1146 2990 1217 3035 cum
1239 2978 1337 3035 antea

162 3080 214 3143 dci
240 3079 340 3143 inferi
367 3086 403 3142 ut
417 3080 555 3143 Darium
579 3079 753 3143 mitterent
770 3079 838 3141 sint
866 3077 1023 3157 invocati,
1049 3079 1226 3142 invocatur
1249 3096 1335 3142 nunc

162 3186 259 3250 valde
285 3185 462 3250 concitatis
487 3186 625 3249 vocibus
650 3185 720 3263 ipse
745 3193 895 3249 mortuus
920 3203 979 3248 rex
1005 3192 1041 3248 ut
1065 3193 1244 3268 appareat;
1263 3203 1336 3248 rur·

162 3312 218 3357 sus
254 3302 363 3358 autem
401 3292 526 3370 epodus
561 3293 623 3354 iam
661 3311 723 3355 non
762 3292 795 3355 in
827 3293 1050 3370 invocatione,
1076 3291 1133 3355 sed
1158 3291 1190 3355 in
1215 3291 1336 3356 lamen·

162 3401 290 3464 tatione.
315 3437 357 3444 —-
383 3408 538 3479 quantum
565 3417 605 3462 ex
630 3398 893 3476 corruptissimis
919 3400 1030 3463 verbis
1055 3400 1271 3474 cognoscitur
1314 3436 1335 3442 --

163 3514 327 3571 versatur.
364 3505 427 3571 Sed
451 3512 561 3569 tamen
578 3505 823 3583 respiciendum
841 3512 892 3568 cst
909 3506 1043 3569 eandem
1062 3507 1336 3570 exclamationem

162 3605 202 3673 ἡ
216 3619 250 3676 ct
268 3620 343 3690 post
365 3613 540 3676 secundam
560 3614 729 3690 stropham
753 3621 786 3677 et
808 3620 884 3690 post
901 3612 1076 3676 secundam
1094 3613 1336 3689 antistropham

164 3722 304 3796 positam
330 3738 414 3799 esse,
441 3737 500 3782 nec
525 3719 622 3783 video
649 3737 708 3781 cur
731 3739 794 3783 non
820 3737 889 3781 eam
917 3737 1046 3797 (proque
1064 3720 1185 3782 iustum
1203 3718 1337 3798 ephym·

163 3827 252 3889 nium
278 3844 351 3889 esse
377 3826 545 3889 ducamus.
583 3825 662 3888 Nam
689 3825 774 3903 qircud
800 3826 834 3888 in
859 3824 1007 3888 editione
1036 3826 1213 3889 Persarum
1232 3826 1337 3889 Schil·

165 3932 296 3996 lcriana
319 3933 428 3997 altera
452 3952 471 3996 a
496 3931 676 3996 tlonradtio
701 3932 790 3995 facta
815 3951 845 4009 p.
862 3933 925 3995 148
943 3932 1162 4012 explanatur,
1186 3923 1226 4012 ἠέ
1239 3951 1337 4010 prop-

164 4049 257 4104 terca
282 4039 493 4118 ephpmnium
525 4057 599 4103 esse
628 4058 691 4102 non
722 4057 831 4118 posse,
856 4039 941 4117 quod
967 4045 1178 4116 postrorum
1204 4040 1364 4119 ephpm-.

164 4145 252 4210 nium
278 4165 308 4210 v.
334 4153 397 4209 667
434 4154 468 4210 ct
504 4152 566 4210 676
604 4146 692 4210 ultro
730 4135 764 4205 οἷ
794 4147 938 4225 legatur,
965 4144 1051 4224 qirod
1077 4147 1225 4223 quisnam
1252 4146 1337 4210 alius

165 4253 405 4318 exclamaverit
434 4252 498 4317 dici
528 4262 682 4335 nequeat,
715 4273 780 4318 non
811 4255 926 4332 probo.
973 4253 1024 4318 Ea
1056 4253 1140 4317 enim
1167 4254 1270 4319 verba
1294 4252 1336 4316 ad
