3112 4890
776 238 994 306 -36ω

298 436 502 518 consecutio,
546 436 723 501 secundam
766 439 928 518 syllabam
972 438 1103 516 longam
1153 444 1340 503 statuamus
1350 436 1391 521 1),
1437 445 1476 504 ut

298 551 405 609 totum
450 545 646 610 vocabulum
691 545 828 610 formam
864 547 1024 625 praebeat
1060 545 1207 609 diiambi.
1265 544 1369 627 Quam
1408 546 1475 610 for·

297 672 381 716 mam
407 653 440 716 in
465 651 528 716 fine
556 652 789 730 respondentis
819 672 938 718 versus
967 652 1092 717 mesodi
1119 652 1281 716 facillime
1301 653 1474 725 efficimus

299 759 485 823 scribentes
509 752 699 840 α’μαυ-ροῦυ
723 779 783 838 pro
808 760 985 842 μαυ-ραῦν,
1011 777 1094 838 quae
1119 760 1260 824 mutatio
1292 761 1386 825 nulla
1411 769 1473 842 est,

299 867 451 945 quoniam
478 858 650 949 ἀμαυροῦν
674 886 739 930 non
756 867 872 931 mimus
890 887 985 946 quam
1002 868 1152 948 μαυρυῦν
1168 886 1187 929 a
1204 868 1313 946 poetis
1329 868 1475 945 tragicis

298 980 493 1051 usurpatum
531 982 583 1038 est
607 971 661 1054 (cf.
688 973 786 1053 Soph.
814 974 879 1054 t'rg.
905 980 980 1055 685,
1004 974 1085 1038 Eur.
1111 972 1175 1052 frg.
1201 975 1287 1050 420).
1323 974 1475 1053 Denique

297 1099 329 1145 y.
348 1085 410 1144 377
437 1089 513 1158 post
541 1075 685 1162 σφαλερὰ
716 1099 852 1145 necesse
882 1090 935 1146 est
964 1081 1113 1160 suppleri
1142 1082 1338 1146 vocabulum
1375 1083 1473 1146 unius

278 1188 418 1271 ⁴longae
455 1189 616 1268 syllabae,
653 1188 738 1266 quod
774 1188 976 1266 respondeat
1020 1207 1049 1253 v.
1077 1193 1139 1251 359
1178 1188 1340 1253 vocabulo
1388 1179 1474 1268 ova,

298 1294 441 1372 exempli
467 1313 568 1358 causa
592 1289 662 1377 γάρ,
687 1302 724 1359 ut
748 1296 905 1373 legantur
930 1296 996 1359 loci
1020 1296 1082 1359 hoc
1106 1294 1222 1359 modo:

618 1411 778 1502 κρατερὸν
802 1413 880 1481 ὄνθ’
902 1412 988 1498 ὅμως
1011 1410 1117 1499 α’μαυ-

619 1528 699 1609 ραῦν
723 1519 779 1607 ὑφ’
804 1524 940 1606 αἵματος
963 1531 1038 1588 νέου

300 1623 334 1680 et

620 1698 765 1787 σφαλερὰ
791 1699 850 1787 γὰρ
873 1699 1090 1787 τανυδρόμοις

620 1809 718 1893 κᾶλα,
742 1805 908 1894 δυσφόρως
931 1807 1023 1890 ἄγαν,
1332 1898 1334 1902 ¹

299 1919 336 1983 In
363 1920 424 1983 hac
449 1918 678 1983 emendatione
704 1919 828 1984 Blassii
854 1919 1027 1984 consilium
1053 1939 1124 1984 sum
1153 1927 1297 1984 secutus,

407 2028 628 2090 Transeamus
663 2025 703 2090 ad
741 2027 849 2091 locum
885 2045 950 2091 non
982 2028 1090 2091 minus
1115 2026 1295 2111 difficilem,
1320 2046 1472 2106 magnum

300 2122 559 2212 Agamemnonis
594 2134 728 2197 tabulae
764 2127 897 2211 κομμόν
928 2131 1187 2216 (lilii-low),
1218 2135 1272 2211 qui
1298 2142 1472 2212 postquam

300 2247 434 2318 patrata
464 2239 564 2304 caede
593 2241 707 2304 mariti
737 2240 982 2320 Clytaemestra
1010 2240 1188 2319 patefactis
1223 2239 1353 2305 foribus
1386 2240 1473 2319 apud

301 2365 422 2425 corpus
447 2354 612 2411 mortuum
637 2355 730 2412 stans
755 2348 918 2412 atrociter
941 2347 1064 2412 factum
1090 2366 1273 2425 causasque
1303 2350 1475 2413 enarravit

299 2472 406 2532 neque
431 2454 499 2517 ullo
524 2453 620 2517 modo
646 2472 682 2518 se
706 2452 867 2518 facinoris
891 2455 1064 2532 paenitere
1090 2454 1186 2535 dixit,
1212 2456 1345 2520 canitur
1369 2456 1409 2519 ab
1435 2473 1474 2519 ea

300 2568 400 2639 atque
415 2561 539 2625 wchoro.
587 2561 798 2638 Compositus
823 2570 875 2625 est
899 2561 1073 2626 extribus
1102 2562 1286 2626 maioribus
1310 2563 1473 2642 partibus,

300 2668 333 2731 in
370 2687 507 2746 quarum
544 2686 740 2747 unaquaque
776 2668 872 2731 binae
909 2668 1004 2732 chori
1030 2668 1257 2745 expositiones
1281 2669 1370 2732 binis
1395 2669 1471 2750 Cly·

300 2782 503 2840 taemestrae
527 2775 697 2853 responsis
722 2775 947 2855 excipiuntur,
965 2775 1013 2838 ita
1033 2782 1070 2839 ut
1086 2775 1184 2837 buius
1201 2775 1315 2839 verbis
1332 2784 1472 2839 metrum

301 2882 411 2946 subsit
435 2882 694 2962 anapaesticum
720 2897 804 2960 quae
822 2881 880 2944 ille
897 2880 992 2960 dicit,
1008 2879 1274 2945 artificiosiorem
1293 2883 1327 2945 in
1344 2882 1473 2946 modum

301 2989 370 3052 sint
394 2995 564 3066 concepta.
612 2989 701 3052 Ecce
726 2987 852 3052 tradita
877 2986 997 3052 forma:

476 3092 478 3096 ’
622 3096 688 3160 Str.
715 3114 735 3155 α

676 3200 807 3282 Syst.I

727 3311 749 3388 β
782 3396 871 3477 sysc
896 3398 930 3462 n
955 3392 1037 3481 (or.)

623 3490 691 3552 Ant
726 3505 746 3546 α

782 3594 949 3673 Antisyst.
974 3590 1044 3671 112)
1069 3589 1146 3676 (cl.)

623 3718 689 3784 Str.
715 3737 733 3796 γ

678 3825 766 3906 Syst.
785 3825 837 3891 III

730 3932 797 3997 Str.
822 3931 842 3993 δ
936 3899 1022 3976 Eph·

409 4053 436 4123 1)
456 4055 538 4119 Quod
559 4053 654 4110 facere
674 4055 753 4121 licet,
774 4054 810 4109 cf.
830 4054 1046 4108 Kiihner-Blass
1066 4053 1087 4120 Ι,
1107 4070 1135 4121 p.
1145 4053 1233 4120 306,4.

278 4178 290 4212 ς
408 4145 436 4198 et
456 4144 541 4200 Notis
561 4149 631 4213 syat.
646 4144 674 4197 ΙΙ
689 4173 720 4180 -
735 4145 867 4212 antisyet
881 4143 918 4211 ll,
932 4143 980 4210 lv,
993 4143 1032 4196 VI
1047 4142 1129 4196 nolui
1142 4143 1310 4211 significare
1329 4144 1473 4196 metricam

303 4235 521 4302 responsionem
541 4230 607 4302 (qua
626 4234 661 4287 de
680 4250 711 4286 re
731 4237 867 4300 certatur,
887 4231 923 4287 cf.
943 4232 1034 4301 pu),
1054 4232 1105 4285 sed
1118 4234 1319 4288 tantummodo
1334 4233 1474 4302 quandam

304 4323 433 4377 locorum
452 4323 482 4376 in
501 4326 645 4376 structura
664 4322 798 4375 carminis
817 4323 1029 4392 aequalitatem.
