3112 4890
698 286 923 346 „15„

219 477 482 555 intellegendum
508 477 701 542 difficiliora
724 479 797 542 sine
822 477 921 542 dubio
947 478 1009 542 hoc
1033 478 1168 542 volunt:
1199 464 1271 542 cum
1296 469 1336 562 ἠέ
1364 487 1398 543 et

219 573 256 644 οἶ
277 585 332 649 liic
356 585 525 649 simillimo
552 584 727 651 videantur
753 586 873 666 posita,
898 585 1034 649 eandem
1058 586 1125 649 vim
1150 586 1200 650 eis
1225 604 1299 650 esse
1324 587 1396 650 vin·

220 690 403 755 dicandam.
451 691 545 772 Quod
577 711 641 756 uon
675 692 759 771 fieri,
793 693 823 757 si
849 684 888 774 ἠέ·
909 692 1119 772 ephymnium
1144 710 1218 757 asse
1242 699 1397 770 putetur3

221 817 294 861 uam
319 799 369 862 sic
392 791 433 881 ἠέ
454 798 585 877 quidem
611 817 722 864 verum
749 799 789 863 ad
814 799 964 876 proxime
1001 798 1234 863 antecedentia
1265 801 1397 879 ephym-

219 904 308 969 nium
344 924 428 987 esse,
465 895 500 965 οἶ
532 913 642 970 autem
679 924 841 970 essenon
866 925 997 987 persa,
1023 905 1063 970 ad
1088 907 1239 984 proxime
1264 914 1397 971 autece-

219 1011 333 1077 dentia
369 1014 591 1093 ephymnium,
629 1013 686 1077 sed
723 1014 897 1105 eplrymnii
929 1019 1068 1094 partem,
1105 1032 1178 1078 cum
1214 1032 1278 1077 non
1309 1013 1398 1079 adsit

220 1118 398 1184 multitudo
439 1138 524 1198 quae
549 1120 589 1184 ad
622 1128 752 1184 cantum
779 1120 990 1201 eplrymnium
1026 1115 1125 1199 βάσκε
1161 1113 1271 1202 πάτερ
1295 1115 1397 1182 ἄκακε

220 1220 370 1306 Δαρειάν
395 1227 580 1292 canentium
607 1228 695 1291 ultro
721 1227 988 1291 interiectionem
1016 1216 1050 1287 οἶ
1076 1228 1250 1291 succinere
1275 1229 1392 1292 existi·

219 1333 301 1397 mari
327 1334 443 1410 possit.
492 1334 556 1399 Sed
580 1334 656 1399 huic
680 1342 876 1412 argumento
901 1334 998 1398 nimis
1016 1335 1186 1412 sagaciter
1203 1336 1397 1413 excogitato

219 1441 320 1505 ullam
356 1442 590 1506 necessitatem
628 1443 738 1506 inesse
773 1460 870 1520 nego.
918 1442 1020 1506 Immo
1056 1449 1157 1519 poeta
1192 1451 1396 1508 arescentem

219 1549 326 1627 magis
363 1549 536 1628 magisque
573 1550 730 1627 impetum
767 1556 886 1613 cantus
922 1549 983 1613 hac
1016 1549 1124 1613 forma
1159 1549 1336 1628 expressit,
1362 1558 1399 1614 ut

218 1656 326 1732 primo
352 1656 426 1720 loco
463 1657 620 1722 versibus
646 1656 906 1721 intercalaribus
931 1655 1126 1736 abstineret,
1152 1656 1296 1721 secundo
1322 1658 1398 1721 sim·

219 1762 397 1840 plicissimi
433 1763 567 1843 generis
603 1763 825 1843 ephymnium,
861 1780 983 1826 meram
1013 1763 1288 1827 exclamationem
1326 1756 1399 1847 (ἠέ),

220 1877 367 1949 poneret,
404 1869 506 1934 tertio
542 1869 707 1948 integram
742 1869 1004 1933 enuntiationem
1031 1877 1205 1933 exeuntem
1230 1869 1263 1933 in
1293 1871 1397 1936 inter·

221 1978 399 2041 iectiouem
436 1966 477 2040 οἶ.
514 2015 552 2020 --
578 1978 665 2043 Usus
690 1984 799 2041 autem
826 1976 1076 2055 epbymniorum
1101 1977 1136 2039 in
1166 1978 1227 2040 hoc
1252 1979 1398 2041 carmine

221 2084 355 2148 chorico
387 2084 467 2149 mihi
499 2084 633 2150 videtur
664 2083 778 2147 eodem
808 2091 962 2162 spectare
993 2102 1057 2162 quo
1088 2090 1244 2161 spectant
1267 2085 1398 2162 priscae

221 2191 336 2269 opicae
373 2192 499 2255 formae
535 2184 637 2270 βάσκε
667 2199 700 2255 et
725 2185 796 2251 ἔσκε
821 2198 855 2255 et
879 2183 1056 2259 Ἆῐδωνεύςι
1082 2188 1263 2255 vetustatis
1289 2192 1399 2256 cuius-

221 2298 292 2363 dam
319 2300 432 2363 colore
467 2301 684 2365 severitatem
717 2317 841 2378 augere
876 2305 974 2376 poeta
999 2297 1138 2377 studuit,
1164 2298 1217 2362 cui
1241 2307 1339 2375 aptus
1365 2300 1400 2363 in

220 2405 383 2471 eiusmodi
420 2408 567 2471 carmine
601 2407 732 2486 magico
771 2407 865 2470 locus
902 2404 997 2482 est1).
1046 2408 1155 2484 Atque
1188 2425 1260 2470 cum
1286 2415 1399 2472 certae

221 2514 384 2578 formulae
413 2513 454 2578 ad
484 2532 610 2578 omnem
640 2522 747 2579 artem
778 2513 938 2591 magicam
971 2530 1075 2591 paene
1105 2514 1297 2577 necessaria
1322 2514 1399 2594 sint,

221 2639 305 2700 quae
344 2621 437 2699 ipsae
477 2620 506 2685 si
546 2620 648 2686 certis
690 2620 882 2686 intervallis
922 2620 1067 2684 sermoni
1112 2620 1165 2684 vel
1210 2621 1397 2686 cantationi

221 2729 384 2806 magicam
415 2736 522 2792 artem
555 2728 746 2806 profitentis
777 2727 986 2808 inseruntur,
1021 2728 1085 2790 iam
1117 2728 1174 2793 vix
1200 2729 1241 2792 ab
1266 2729 1399 2808 epbym-

223 2835 289 2899 niis
315 2835 481 2917 differunt,
506 2836 561 2900 hic
586 2834 796 2915 eplrymuium
814 2834 978 2898 formulae
994 2835 1145 2913 magicae
1163 2835 1236 2898 loco
1254 2836 1400 2912 positum

225 2961 298 3007 esse
316 2941 427 3007 dicere
444 2943 541 3022 licet;
559 2942 643 3021 quod
661 2942 762 3007 etiam
780 2941 977 3007 scholiastes
996 2942 1069 3007 vult
1085 2943 1148 3006 hac
1169 2943 1399 3008 annotatione:

223 3041 262 3118 ὦς
286 3044 398 3135 ἐπῳδῇ
433 3053 584 3131 κέχρηται
619 3050 659 3135 τῇ
695 3042 812 3129 ,βάσκε
848 3043 991 3131 πάτερ“;
1028 3042 1141 3132 amanda}
1164 3057 1216 3114 est
1240 3050 1325 3114 enim
1351 3051 1398 3114 in·

223 3158 381 3235 cantatio,
407 3157 549 3220 formula
573 3156 713 3233 magica.
761 3156 884 3236 Eadem
911 3157 1041 3235 magica
1066 3157 1233 3237 ephymnii
1259 3157 1311 3221 vis
1336 3157 1396 3221 alii

222 3264 296 3327 loco
333 3264 492 3344 Aeschyli
530 3266 656 3344 subest,
695 3263 910 3328 Eumenidum
947 3264 999 3327 illi
1025 3264 1156 3329 cantico
1188 3283 1251 3342 qno
1277 3264 1399 3329 Furiae

224 3370 356 3435 Orestis
392 3372 533 3436 animum
572 3372 785 3449 obstringere
821 3379 984 3435 conantur
1019 3366 1074 3453 (de
1110 3389 1174 3448 quo
1207 3372 1400 3435 accuratius

331 3546 357 3616 1)
378 3547 471 3603 Simili
500 3549 536 3602 de
565 3566 650 3602 causa
679 3553 793 3618 poetam
814 3548 860 3601 hic
881 3548 916 3601 de
935 3548 1077 3601 industria
1106 3548 1284 3616 aliquantum
1305 3565 1399 3602 cumu-

223 3640 299 3693 lasse
318 3644 389 3708 puto
409 3638 552 3693 vocabula
580 3638 713 3692 barbara:
741 3629 842 3706 βαλλήν
861 3637 921 3702 660,
951 3631 1068 3709 εὔμαριν
1087 3637 1148 3703 664,
1178 3628 1272 3708 τιάρας
1290 3638 1351 3703 665,
1372 3642 1401 3692 ct

223 3730 284 3795 654,
304 3729 364 3795 667,
396 3729 448 3783 675
480 3729 509 3781 in
538 3728 711 3781 nominando
742 3726 830 3780 Dario
863 3745 921 3780 non
950 3727 1096 3794 vulgarem
1126 3725 1262 3780 Graecam
1283 3726 1401 3781 formam

224 3819 345 3888 Δαρεῖον
372 3819 514 3887 posuisse,
543 3818 594 3871 sed
625 3817 719 3883 aliam,
748 3817 824 3885 apud
854 3815 980 3870 Graecos
1010 3815 1185 3883 inusitatam,
1215 3833 1286 3885 quae
1305 3820 1400 3870 tamen

224 3907 366 3976 quomodo
387 3907 425 3959 sit
445 3907 568 3975 legenda
588 3906 706 3960 dubium
726 3911 786 3974 est3
807 3923 870 3959 nam
891 3904 981 3959 forma
1000 3905 1106 3960 tradita
1125 3898 1249 3971 Aapaar'u
1269 3923 1333 3959 eum
1354 3906 1400 3960 vix

224 4000 283 4048 tum
303 3997 484 4050 accusativus
514 3993 587 4063 (654)
616 4001 675 4048 tum
704 3996 856 4050 vocativus
886 3992 958 4061 (667,
987 3991 1051 4061 675)
1080 4011 1144 4047 esse
1169 3996 1270 4062 possit,
1291 3995 1351 4050 iure
1371 3997 1401 4048 in

225 4086 436 4139 dubItationem
464 4090 568 4140 vocata
597 4090 649 4140 est.
688 4084 745 4140 Sed
775 4086 882 4154 utique,
912 4090 944 4137 ut
971 4089 1050 4152 puto,
1080 4084 1106 4136 ei
1135 4084 1305 4153 repudiandi
1326 4092 1403 4140 sunta

225 4175 273 4244 qui
294 4180 321 4228 et
342 4194 368 4230 v.
388 4176 440 4228 654
468 4169 591 4245 donanis
620 4180 652 4228 ut
680 4175 824 4243 glossema
852 4175 952 4228 delent
978 4179 1007 4228 et
1035 4175 1087 4227 667
1117 4179 1146 4228 et
1173 4175 1226 4228 675
1254 4176 1401 4245 vulgarem

224 4264 342 4320 formam
362 4264 480 4337 Δαρεῖος
498 4265 665 4319 restituunt.
