3112 4890
665 279 885 337 -ρρ,

188 465 263 549 luit,
289 487 360 532 cum
386 487 472 534 nova
496 487 574 547 pars
599 487 754 547 peream
779 468 929 548 incipiat,
955 488 1019 548 qua
1036 469 1252 550 describitur,
1278 488 1362 549 quae

189 593 229 638 ex
264 575 443 639 Furiarum
479 575 710 641 invasionibus
746 576 814 640 sint
838 583 1017 654 secutura3
1054 583 1088 640 et
1113 576 1199 656 quod
1223 577 1264 641 ad
1289 596 1363 656 par·

188 682 324 746 ticulam
349 684 388 742 τε
409 683 542 763 attinet,
567 682 744 747 tenendum
769 690 821 747 est
838 683 871 746 in
888 683 1078 762 antiquiore
1095 685 1212 762 lingua
1228 685 1362 763 saepius

187 797 255 853 tam
291 789 397 854 levem
433 790 696 854 enuntiationum
733 790 1000 854 coniunctionem
1024 792 1113 872 poni,
1141 793 1198 855 ubi
1237 809 1277 855 ex
1302 810 1364 856 usu

189 897 411 974 posteriorum
447 904 632 976 temporum
669 898 834 962 acriorem
879 906 1129 977 exspectemus3
1181 899 1276 964 cuius
1312 900 1363 963 rei

189 1004 370 1082 praecipue
406 1004 618 1084 Thucydides
654 1006 825 1083 exemplar
860 1013 912 1069 est
947 1005 1003 1083 (ef.
1039 1006 1171 1070 initium
1197 1006 1362 1084 capitisa

188 1110 267 1174 libri
292 1111 318 1190 I,
345 1118 380 1174 et
408 1111 557 1190 Kriigeri
590 1130 664 1176 ann.
697 1111 739 1175 ad
755 1112 783 1193 I,
801 1115 849 1194 4).
898 1111 957 1177 Cui
981 1120 1091 1177 autern
1118 1112 1152 1176 id
1175 1131 1240 1177 non
1265 1114 1365 1178 satis·

188 1217 280 1298 l'acit,
316 1218 347 1281 ei
383 1219 581 1296 particulam
615 1221 653 1280 ιέ
686 1219 720 1283 in
753 1219 790 1280 δέ
817 1216 962 1302 (Bergk)
987 1221 1043 1285 vel
1067 1221 1101 1284 in
1125 1223 1162 1297 γε
1183 1221 1364 1301 (Abresch)

190 1333 318 1390 mutare
342 1325 434 1407 licet,
459 1326 632 1391 admodum
657 1327 751 1391 facili
776 1327 971 1407 mutatione,
997 1327 1160 1406 siquidem
1186 1347 1250 1391 non
1285 1346 1364 1391 raro

188 1434 234 1512 ιε’,
267 1432 312 1513 δι’,
345 1435 382 1510 γε
415 1434 449 1496 in
487 1433 656 1498 codicibus
682 1433 937 1498 confunduntur.
963 1470 1005 1478 —
1030 1434 1078 1499 Ne
1102 1435 1206 1500 tertio
1232 1434 1362 1514 quidem

189 1540 274 1620 loco,
300 1540 328 1604 si
351 1541 520 1618 repetitur
544 1550 620 1619 post
644 1542 888 1620 antistropham
913 1541 933 1603 δ
955 1560 1034 1620 pars
1058 1561 1085 1623 ε,
1111 1561 1257 1607 conexus
1291 1561 1364 1607 sen·

188 1648 380 1729 tentiarum,
413 1668 596 1728 quanquam
629 1650 733 1713 multo
766 1658 818 1714 est
841 1651 1066 1730 tolerabilior,
1091 1650 1178 1714 omni
1202 1649 1286 1715 vitio
1312 1658 1364 1714 est

189 1773 324 1819 vacuus.
372 1755 494 1819 Verbis
519 1756 590 1820 eius

508 1875 601 1958 μάλα
625 1875 685 1964 γὰρ
710 1858 770 1942 οὖν
794 1875 940 1960 ἁλομένα

509 1980 676 2050 οἷνέκαδεν
699 1990 872 2072 βαρυπεσῆ

511 2098 683 2178 καταφέρω
708 2089 810 2165 ποδὸς
832 2087 955 2176 οἷκμοίν,

510 2198 656 2286 σφαλερὰ
680 2198 897 2286 τανυδρόμοις

510 2306 606 2392 κῶλα,
631 2305 794 2393 δύσφορον
818 2306 901 2373 ἄταν

192 2433 385 2500 describunt
414 2437 556 2518 Furiae,
582 2437 743 2516 quomodo
768 2437 911 2517 impetus
936 2456 1013 2501 suos
1038 2435 1221 2516 perficiant.
1270 2435 1365 2516 Quod

191 2560 271 2606 sane
297 2550 333 2607 ut
358 2563 458 2609 causa
483 2552 559 2623 apte
585 2545 802 2624 subiungitur
826 2546 983 2623 strophae
1001 2543 1028 2624 d,
1045 2563 1110 2623 qua
1134 2543 1249 2608 dicunt
1265 2543 1363 2608 etiam

191 2668 327 2728 magnas
362 2651 491 2729 glorias
532 2653 698 2716 hominum
742 2652 901 2731 gravibus
942 2652 1088 2730 ipsarum
1137 2651 1366 2716 invasionibus

191 2758 361 2835 evanesci3
399 2758 456 2822 sed
492 2766 666 2838 postquam
698 2759 909 2836 antistropha
934 2758 954 2819 d
976 2757 1123 2823 additum
1149 2765 1201 2822 est
1224 2765 1365 2822 mentem

191 2862 273 2943 eius,
298 2865 399 2942 quia
422 2865 537 2929 Furiis
574 2872 765 2947 poteretur,
797 2865 879 2930 adeo
912 2867 1121 2930 obscuratam
1154 2882 1240 2944 esse,
1265 2871 1366 2928 utne

191 2970 333 3034 sentiret
359 2971 488 3051 quidem
515 2992 626 3037 casum
651 2992 756 3053 suum,
782 2980 816 3037 et
840 2974 1091 3037 exsecrationes
1108 2971 1223 3050 populi
1248 2979 1366 3036 contra

192 3095 264 3141 eum
290 3079 411 3143 multas
437 3080 560 3160 invehi,
598 3080 704 3144 minus
741 3087 818 3158 apto
849 3081 1027 3161 repetitur,
1053 3078 1214 3158 quomodo
1240 3079 1365 3143 Furiae

191 3184 334 3263 impetus
363 3205 441 3250 suos
469 3187 605 3267 faciant,
637 3189 834 3265 praesertim
868 3187 955 3266 quod
988 3188 1156 3265 particula
1187 3180 1247 3267 γάρ
1275 3185 1366 3250 addi-

191 3298 259 3355 tum
284 3293 340 3357 sit.
386 3294 425 3358 In
450 3297 587 3372 stropha
613 3294 698 3358 enim
723 3313 824 3361 voces
849 3289 981 3375 ἐφόδοις
1009 3303 1043 3359 et
1067 3289 1242 3377 όρχησμοῖς
1264 3288 1367 3362 ποδός

191 3397 443 3478 insequentibus
468 3401 620 3467 versibus
645 3402 869 3482 explicantur,
894 3402 928 3465 in
953 3402 1165 3479 antistropha
1184 3402 1365 3479 repetitum

191 3507 403 3586 ephymnium
439 3508 526 3572 nihil
560 3509 646 3588 quod
683 3508 819 3573 eandem
860 3509 1118 3586 explicationem
1157 3517 1224 3574 tam
1264 3508 1363 3572 l'acile

193 3614 341 3690 patiatur
365 3615 543 3680 antecedit.

298 3725 390 3802 Quae
427 3722 475 3785 ita
510 3741 583 3786 csso
619 3722 814 3787 defensores
851 3723 1102 3804 ephymniorum
1138 3739 1265 3799 negare
1300 3740 1364 3784 non

192 3836 341 3904 possunt.
381 3828 444 3893 Sed
469 3830 530 3892 hoc
555 3830 660 3906 ipsum
679 3829 847 3908 ephymnii
870 3830 1039 3906 proprium
1057 3846 1131 3893 esse
1150 3827 1365 3908 contendunt,

192 3942 228 3998 ut
253 3953 312 4012 per
337 3936 600 4000 coniunctionem
627 3935 724 4000 valde
749 3936 856 3999 laxam
874 3935 914 4000 ad
933 3944 1046 4000 cetera
1063 3935 1224 3999 accedere
1246 3936 1365 4014 pessit,

191 4040 291 4105 innisi
328 4043 402 4106 loco
440 4044 696 4123 Aristophaneo,
733 4043 900 4108 Ranarum
937 4044 1091 4108 versibus
1135 4048 1220 4107 1264
1248 4048 1366 4122 -1277,

190 4151 246 4213 ubi
282 4151 314 4213 in
351 4152 532 4215 certamine
568 4151 627 4214 illo
664 4153 795 4229 poetico
832 4150 1013 4229 Euripides
1041 4151 1174 4214 cantica
1203 4151 1363 4230 Aeschyli

191 4257 372 4336 vituperat.
418 4258 496 4322 Illic
531 4259 634 4323 verba
669 4250 701 4319 ab
731 4251 837 4319 κόπον
873 4252 912 4320 οδ
945 4251 1107 4327 πελάθεις
1140 4248 1197 4320 ἐπ’
1231 4249 1364 4340 α’ρωγαν
