3112 4890
671 228 890 300 -34,η

195 446 279 506 quae
315 428 513 495 diversitate
547 437 727 495 metrorum
766 432 943 513 exsistunt,
969 440 1174 511 congruunt:
1204 434 1367 512 siquidem

195 534 334 612 primum
372 538 585 616 stropharum
620 556 682 614 par
718 557 758 602 ex
789 528 973 604 trochaicis
998 541 1164 623 versibus,
1188 541 1367 606 secundum

193 644 397 740 tertiumque
433 638 475 686 -’
512 645 664 722 exceptis
699 645 843 709 mesodis
879 683 920 691 —
957 648 1188 730 edactylicis,
1213 656 1368 727 quartum

194 767 234 813 ex
259 750 412 814 iambicis
436 758 578 831 constat,
604 751 670 815 nisi
688 751 774 830 quod
792 754 901 817 omnia
917 755 950 818 in
968 755 1171 820 trochaicum
1191 756 1368 822 dimetrum

195 858 427 922 catalecticum
452 866 584 923 exeunt.

300 963 391 1046 Quae
428 984 500 1029 cum
537 967 585 1030 ita
620 966 699 1046 sint,
735 985 875 1032 necesse
902 987 975 1033 esse
999 977 1081 1048 puto
1106 989 1290 1048 agnoscere
1314 971 1368 1034 hic

193 1072 392 1137 mesodicam
429 1073 712 1153 compositionem,
750 1075 845 1138 cuius
880 1077 930 1140 rei
956 1077 983 1140 si
1014 1078 1140 1142 nullum
1165 1077 1256 1142 aliud
1281 1078 1367 1156 apud

194 1179 395 1260 Aeschylum
422 1181 607 1258 exemplum
633 1189 794 1263 exstaret,
819 1201 860 1247 ex
885 1185 948 1249 hoc
973 1186 1048 1250 loco
1072 1205 1268 1265 cogeremur
1292 1207 1368 1251 con·

193 1286 327 1350 cludere
363 1294 494 1365 poetam
530 1289 561 1352 ei
597 1288 787 1355 indulsisse.
847 1291 910 1356 bed
947 1300 1074 1358 exstat:
1104 1313 1203 1359 unum
1234 1294 1366 1373 quidem

194 1401 320 1457 certum
351 1395 535 1473 exemplum
564 1402 617 1459 est
646 1395 918 1474 Choephororum
947 1419 1086 1480 magnus
1111 1395 1245 1482 κομμός,
1271 1419 1366 1480 quem

193 1499 342 1583 Orestes,
362 1501 459 1567 Elect
445 1509 508 1583 t,ra
527 1503 648 1567 chorus
666 1513 789 1569 canunt
806 1503 851 1587 (v.
866 1506 1068 1590 314-473),
1083 1509 1178 1573 cuius
1194 1516 1367 1573 structura

192 1616 244 1672 ost
268 1608 350 1672 haec
375 1609 438 1687 αβα
462 1611 517 1693 Sy
543 1611 599 1688 γβγ
625 1609 680 1690 Sy
705 1608 761 1670 ded
776 1611 891 1692 Sy
876 1613 921 1687 εζ.
946 1616 1041 1704 qddq
1066 1637 1091 1677 ιι
1118 1639 1168 1680 aa.
1213 1614 1341 1697 Quod
1331 1634 1364 1679 m
1452 1686 1462 1708 ·

388 1694 590 1776 ”-.]”
717 1694 904 1776 La
1055 1703 1091 1723 υ
1117 1701 1153 1722 *²

192 1805 368 1869 mesodicis
392 1806 544 1884 partibus
569 1807 739 1884 stropham
757 1794 933 1885 Orestes,¹
925 1822 1030 1882 ipsam
1047 1803 1214 1867 mesodum
1233 1804 1365 1892 chorus,

192 1912 434 1990 antistropham
480 1913 619 1977 Electra
667 1913 772 1994 canit,
820 1932 884 1975 non
932 1910 1072 1988 impedit
1118 1909 1291 1988 quominus
1331 1909 1364 1973 id
1397 1900 1399 1905 ’

191 2021 376 2097 exemplum
394 2019 619 2084 adhibeamus.
641 2020 795 2083 Formam
813 2019 904 2082 illam
924 2017 1176 2096 compositionis
1194 2016 1362 2096 Aeschylo

192 2134 303 2190 notam
327 2126 432 2190 fuisse
458 2126 571 2204 utique
597 2144 634 2189 eo
661 2127 905 2205 comprobatur,
931 2143 1038 2204 neque
1063 2132 1158 2202 patet
1175 2142 1234 2188 cur
1254 2130 1364 2204 poeta,

191 2235 220 2296 si
245 2234 279 2296 in
303 2238 444 2310 κομμνῐς
479 2251 518 2296 ea
556 2233 604 2297 uti
642 2240 784 2313 poterat,
820 2232 853 2296 in
890 2232 1092 2295 carminibus
1121 2231 1236 2294 asolo
1262 2231 1363 2294 choro

192 2340 335 2404 cantatis
360 2340 410 2404 uti
434 2359 498 2403 non
523 2340 682 2417 potuerit.
722 2341 905 2405 Praeterea
930 2337 1169 2416 comparandus
1194 2344 1246 2401 est
1270 2339 1364 2401 locus

191 2447 407 2527 Sophoclem,
425 2465 465 2511 ex
484 2465 547 2525 quo
562 2447 758 2526 Sophoclem
775 2447 906 2525 quidem
925 2445 1093 2511 mesodica
1111 2445 1363 2523 compositionis

189 2554 296 2618 forma
319 2554 370 2618 ita
393 2573 486 2618 usum
512 2572 585 2618 esse
611 2555 853 2634 cognoscimus,
879 2561 916 2618 ut
940 2552 1119 2621 abeodem
1143 2559 1178 2615 et
1203 2553 1362 2630 strophae

190 2668 224 2724 ot
262 2660 387 2725 mesodi
427 2669 637 2741 canerentur,
678 2662 796 2724 Trach.
829 2665 912 2724 1005
942 2677 1012 2737 sqq.
1073 2659 1132 2722 Cui
1164 2659 1360 2723 mesodicam

190 2769 441 2845 responsionem
454 2768 563 2832 inesse
579 2765 917 2845 postSeidlerum(De
929 2783 1018 2834 vers,
1033 2765 1161 2829 dochm.
1171 2771 1266 2843 p.3ll
1276 2762 1362 2848 sqq.)

189 2876 255 2940 viri
282 2875 370 2939 docti
397 2875 547 2955 credunt,
572 2876 635 2939 hac
659 2875 789 2938 ratione

234 2982 298 3047 Str.
323 3001 343 3042 α
412 2983 492 3046 Mes
517 2983 548 3060 β.
574 2984 650 3045 Ant.
675 3001 695 3041 α
742 2982 855 3057 Mesp
897 2980 964 3045 Str.
989 2978 1216 3058 dAntimesd
1238 2980 1353 3044 Anao

191 3069 386 3124 1005—100512
406 3069 708 3128 1006-131014-17
728 3068 868 3122 1018-22
889 3067 1030 3121 1023-26
1055 3066 1197 3120 1027-240
1220 3067 1361 3121 1041-43

189 3160 311 3224 Earum
348 3160 491 3239 partium
526 3160 679 3224 mesodus
715 3179 732 3237 γ
767 3156 926 3241 (quinque
967 3158 1151 3222 hexametri
1187 3158 1361 3238 dactylici)

189 3285 268 3330 sane
292 3269 456 3349 πρέσβεως
490 3274 524 3331 et
559 3268 652 3347 Hylli
689 3274 750 3347 est,
787 3267 844 3331 sed
870 3275 994 3331 cetera
1028 3266 1138 3329 omnia
1169 3265 1210 3328 ab
1246 3265 1360 3329 eodem

189 3374 333 3438 Hercule
358 3382 544 3438 cantantur.
1209 3438 1212 3444 ,

295 3480 374 3545 Alia
397 3488 505 3545 autem
531 3481 718 3561 Aeschylea
743 3479 887 3544 eiusdem
912 3479 963 3543 rei
988 3478 1140 3556 exempla
1161 3476 1250 3542 infra
1265 3479 1361 3542 nobis

189 3606 332 3654 evasura
356 3605 429 3653 esse
454 3605 563 3665 spero.

296 3697 406 3774 Atque
431 3702 467 3759 ut
483 3693 724 3772 respondentes
740 3694 828 3757 inter
845 3711 880 3757 se
897 3694 1034 3759 ultimos
1052 3693 1134 3758 duos
1152 3692 1359 3758 mesodornm
1464 3757 1466 3763 ,

187 3820 305 3868 versus
329 3802 516 3874 redderent,
541 3802 609 3866 alia
633 3802 692 3865 alii
717 3809 972 3879 proposuerunt.
1018 3801 1117 3865 Multi
1141 3808 1252 3865 tamen
1276 3799 1359 3863 Her·

188 3928 340 3974 manuum
370 3916 447 3974 sunt
476 3910 594 3989 secuti,
625 3909 680 3987 qui
710 3926 771 3986 pro
799 3909 992 3991 μανροῦμεν
1026 3899 1081 3986 ὑφ’
1114 3903 1252 3984 αἵματος
1284 3909 1359 3966 νέου

190 4012 282 4098 (360)
308 4016 384 4081 olim
409 4017 548 4093 scripsit
571 4016 765 4098 μανροέμεν
781 4016 858 4074 νέον
875 3998 967 4091 αἷμα,
985 4012 1222 4077 antecedentes
1238 4030 1358 4079 versus

187 4122 339 4187 faciliore
363 4116 547 4187 mutatione
572 4122 613 4187 ad
642 4121 892 4198 responsionem
921 4118 1116 4197 perducens.
1164 4119 1226 4183 Sed
1251 4137 1358 4198 neque

128 4237 129 4240 ’
188 4231 299 4309 placet
341 4248 404 4308 qua
443 4230 575 4306 ratione
612 4229 684 4305 ipse
720 4246 812 4292 suam
854 4227 1079 4291 coniecturam
1113 4226 1358 4304 iuterpretatur
1473 4298 1475 4303 ¹
