3112 4890
670 235 880 298 -27--

191 428 400 506 ephymnium
438 445 532 503 quam
570 426 620 489 ad·
647 445 696 507 ea,
733 446 816 506 quae
851 428 883 492 id
920 430 1132 511 antecedunt,
1157 432 1361 496 referuntur.

190 534 269 597 Nam
295 534 396 597 etiam
427 534 486 596 illa
514 528 709 614 παρακοπά,
740 531 933 616 παραφορα,
960 519 1059 614 ὕμνος
1083 537 1222 619 δέσμιος,
1260 533 1362 600 αὐονὰ

117 709 121 716 ,
189 642 313 721 βροτῶν
338 642 427 704 iuter
452 659 563 704 earum
593 648 703 705 sortes
733 650 820 705 suut.
868 642 931 707 Sed
961 662 1098 722 prorsus
1123 646 1225 710 aliter
1249 665 1303 710 res
1327 665 1363 709 se

189 749 288 812 habet
313 749 347 811 in
371 749 478 811 altero
504 749 713 825 stropharum
740 751 823 827 pari.
870 751 951 814 Nam
976 751 1129 817 versibus

402 846 599 935 α’ναιροπας,
624 847 704 915 ὅταν
723 850 813 937 Ἄρης

401 956 539 1030 τιθασὸς
563 951 609 1022 ὢν
633 959 728 1041 φίλον
752 957 817 1048 ἕλῃ.

402 1065 461 1130 ἔπι
485 1063 553 1149 τόν,
579 1047 613 1151 5,
638 1064 791 1147 διόμεναι

402 1169 562 1259 κρατερὸν
586 1170 662 1237 ἔνθ’
687 1169 803 1255 ὁμοίως

401 1284 593 1365 μαοροῦμεν
618 1274 674 1364 ὑφ’
699 1281 837 1362 αἵματος
860 1289 945 1366 νέοο,

191 1393 245 1456 uhi
271 1391 398 1457 tradita
422 1400 509 1471 sunt,
536 1399 603 1455 tam
627 1391 767 1456 idonens
793 1393 924 1471 quidem
949 1395 1043 1458 loeus
1079 1403 1142 1475 est,
1180 1402 1216 1459 ut
1246 1395 1362 1460 deesse

190 1499 318 1562 omniuo
352 1518 417 1562 non
452 1500 594 1579 possint,
632 1518 705 1563 oum
741 1501 850 1564 ultimi
887 1503 1045 1580 strophae
1082 1521 1200 1568 versus
1225 1504 1363 1569 verbum

189 1600 327 1684 εἱλόμαν
344 1608 378 1669 in
392 1606 440 1670 eis
459 1607 580 1671 habeat
597 1607 764 1671 obinotum
775 1601 1004 1691 (ἀνατροπάς),
1015 1611 1187 1687 genitivus
1209 1604 1366 1688 δωμάτων
1415 1660 1417 1665 .

190 1715 444 1794 substantivum,
469 1713 509 1777 ad
535 1713 621 1791 quod
645 1713 689 1777 sit
711 1715 908 1779 trahendum
931 1713 1030 1799 (idem
1054 1707 1277 1798 dooa‘pono'ch
1307 1717 1364 1781 sed

190 1821 217 1885 si
236 1822 405 1884 iterantur
421 1828 496 1898 post
514 1822 757 1899 antistropham
775 1818 883 1905 (ouius
901 1825 935 1886 in
951 1823 1047 1886 initio
1065 1824 1141 1902 lego
1157 1843 1228 1888 cum
1243 1824 1363 1888 Kiroh·

189 1928 287 1992 hoffio
304 1922 491 2006 σπεύδομεν
508 1919 599 2009 αἵδ’),
618 1947 690 1992 oum
708 1947 748 1992 ea
763 1929 894 1994 nonnisi
916 1949 977 2007 per
994 1949 1150 1994 summam
1168 1931 1364 1996 violentiam

190 2044 328 2113 possunt
363 2036 532 2116 coniungi,
558 2036 586 2099 si
612 2035 706 2099 modo
731 2045 881 2114 possunt.
926 2032 1023 2106 ἔθνος
1057 2031 1134 2099 τόδε
1170 2034 1273 2120 (367),
1310 2039 1363 2101 oui

189 2143 348 2220 Juppiter
384 2143 581 2207 commercio
618 2151 652 2208 et
687 2144 855 2222 colloquio
871 2143 894 2227 ¹)
932 2163 991 2208 suo
1027 2144 1213 2224 interdixit,
1240 2152 1302 2225 est,
1329 2153 1365 2208 ut
1465 2138 1469 2146 '

190 2257 281 2314 reete
318 2250 464 2328 explieat
500 2250 699 2314 scholiastes
736 2243 785 2334 (τὸ
814 2253 880 2312 των
912 2252 1067 2332 φονέων),
1101 2253 1223 2331 vulgus
1260 2253 1364 2316 inter-

190 2357 351 2420 t'ootorum
367 2354 403 2439 2),
429 2375 536 2435 neque
562 2357 724 2436 intellego
751 2359 806 2436 qui
831 2358 954 2422 factum
980 2359 1034 2438 sit,
1061 2368 1097 2423 nt
1120 2360 1272 2423 nonnulli
1297 2359 1363 2424 viri

190 2463 279 2528 doooi
320 2461 371 2546 (ut
410 2466 571 2544 Abreseh,
613 2464 652 2529 G.
692 2461 876 2548 Hermann)
913 2474 1076 2543 putarent
1109 2467 1200 2544 ipsas
1240 2467 1363 2530 Furias

190 2573 356 2703 spectari,
393 2591 467 2635 nam
503 2573 575 2638 sive
611 2574 756 2650 genuina
792 2581 844 2637 est
874 2592 905 2638 v.
924 2578 987 2636 366
1013 2574 1181 2651 particula
1206 2568 1266 2654 γάρ
1291 2574 1363 2640 sive

192 2765 235 2820 cf.
263 2767 377 2836 Kriiger
407 2768 442 2821 ad
474 2767 564 2820 Thue
590 2767 611 2835 Ι,
634 2767 658 2834 2,
681 2767 698 2819 3
730 2771 759 2820 et
790 2766 917 2834 Kiihner,
946 2766 1060 2821 Griech.
1086 2767 1179 2822 Gram.
1201 2768 1236 2834 ΙΙ,
1256 2785 1283 2836 p.
1302 2769 1363 2821 557.

191 2855 328 2925 Exempla
347 2854 518 2925 Sophoclea,
539 2874 611 2926 quae
631 2857 745 2926 quidem
765 2861 878 2910 exstent
896 2858 927 2910 in
942 2856 1100 2926 Oedipodis
1111 2857 1238 2926 Tyranni
1256 2855 1363 2923 fabula,

192 2946 312 3014 collegit
332 2946 465 3013 Dindorf,
487 2947 540 3000 lex.
561 2943 648 3014 Soph.
669 2963 691 2998 s.
712 2939 759 2997 ὅδε
783 2947 825 2999 10.

298 3033 325 3103 1)
345 3035 427 3105 λέσχη
447 3036 494 3089 hie
514 3054 572 3089 non
592 3039 638 3088 est
651 3035 742 3100 loeus,
758 3052 814 3104 quo
830 3035 1016 3105 colloquendi
1031 3034 1256 3103 disputandique
1277 3052 1363 3087 eausa

191 3125 321 3179 homines
341 3126 497 3179 convenire
517 3125 622 3190 solent,
643 3125 694 3178 sed
713 3141 816 3191 sermo,
837 3124 1045 3192 confabulatio,
1065 3124 1254 3193 eolloquium;
1279 3141 1363 3192 qutun

191 3215 225 3267 ad
245 3213 486 3283 significationem
515 3213 683 3268 conferendi
713 3219 780 3267 sunt
808 3214 955 3314 Euripidis
984 3215 1042 3268 loei
1070 3214 1156 3282 Hipp.
1179 3212 1231 3265 386
1258 3213 1364 3284 μακραὶ

191 3301 287 3372 λέσχωι
305 3308 391 3373 atque
411 3304 471 3372 lph.
492 3303 557 3357 Aul.
578 3303 766 3372 10011ωχις
780 3323 903 3374 πονηρος
915 3323 961 3355 και
974 3322 1160 3375 κακοστιμωυς
1173 3307 1202 3356 et
1221 3302 1363 3355 Herodoti

193 3392 227 3458 ΙΙ,
247 3393 281 3445 32
302 3398 331 3446 et
350 3393 399 3459 IX,
420 3394 462 3460 71,
491 3394 594 3463 quibus
624 3411 687 3446 eum
716 3394 788 3447 dieit
813 3379 962 3445 ἆπικέοθοι
990 3380 1019 3452 ἐς
1047 3393 1149 3463 λέσχην
1178 3398 1206 3446 et
1236 3393 1363 3461 γίγνεται

191 3481 274 3553 λέσχη
295 3483 434 3536 idemt
390 3488 434 3536 est
452 3488 540 3553 atque
560 3467 709 3549 ἐφικέσθαι
729 3480 769 3541 εἰς
787 3474 886 3551 λόγους
905 3489 935 3536 et
954 3484 1082 3552 γίγνεται
1101 3476 1189 3552 λόγος

298 3569 325 3640 2)
345 3570 428 3630 ἔθνος
447 3573 537 3641 igitur
554 3572 601 3626 hie
621 3571 864 3641 significationem
883 3572 970 3627 habet
990 3573 1091 3626 elassis
1121 3571 1168 3626 vel
1194 3571 1313 3632 ordinis,
1332 3575 1363 3623 ut

191 3662 265 3729 apud
294 3661 517 3730 Xenophontem
547 3679 670 3731 quoque,
700 3661 860 3728 Platonem,
889 3661 1124 3717 Demosthenem.
1161 3658 1259 3713 Affero
1290 3659 1362 3714 Plat.

193 3751 277 3807 Polit.
297 3752 378 3804 290ss
408 3743 435 3802 ιο
461 3744 610 3821 κηροκικόν
638 3748 728 3807 ἔθνος.
758 3750 845 3819 Gorg.
874 3751 956 3805 455ss
987 3744 1002 3818 ἢ
1028 3751 1095 3843 pepi
1124 3743 1206 3801 ἄλλον
1227 3742 1298 3806 τινος
1317 3749 1363 3818 6η-

190 3860 355 3910 μιοοργικον
344 3838 476 3898 ἔθνους.
490 3839 562 3893 Xon.
578 3839 668 3894 Conv.
680 3839 722 3892 III
725 3840 758 3905 ,6
778 3833 861 3890 οἶσθά
880 3859 905 3892 τι
924 3838 1006 3898 ἔθνος
1021 3826 1202 3909 ν’λιθιωτερον
1215 3836 1362 3912 ῥωψοιιδιῑν,

191 3928 272 3984 Dem.
292 3930 399 3998 XXIII,
419 3931 478 3999 146,
499 3948 582 4023 quem
603 3931 698 3985 locum
718 3929 864 3983 exseribo:
889 3930 916 3982 εἴ
937 3948 977 3988 τις
996 3920 1066 4002 ὑμᾶς
1085 3926 1181 3999 ἔροιτο,
1202 3946 1227 3980 τι
1246 3919 1363 4026 norppo'·

192 4037 273 4071 νιαον
290 4022 415 4090 νομίζετε
444 4019 497 4073 των
517 4007 549 4073 ἕν
567 4039 599 4093 τῃ
624 4013 706 4112 priter
730 4012 840 4072 πάντων
860 4005 961 4083 ἐθνῶν,
982 4014 1044 4071 οὔτε
1063 4010 1123 4075 τοὺς
1143 4010 1282 4087 γεωργοὺς
1301 4010 1363 4069 0515

192 4102 251 4167 τοὺς
271 4098 410 4204 ἐμπόρους
439 4105 498 4163 οέτι
530 4103 590 4168 τοὺς
618 4095 649 4161 ἔκ
679 4108 757 4162 τοῖν
752 4096 909 4180 ἷργυρείων
928 4102 990 4161 οὔτε
1009 4106 1063 4159 των
1083 4099 1210 4159 τοιούτοιν
1230 4091 1345 4157 οὗδεν
1329 4125 1363 4157 ων

192 4201 304 4264 εὶ’,αοιιε
324 4184 381 4250 αλλ
401 4198 425 4251 εἰ
447 4193 505 4257 τοὺς
524 4185 570 4252 eui
589 4197 683 4272 μισθοῖ
703 4199 794 4269 λέγειν
812 4199 858 4251 καὶ
876 4191 996 4271 γράφειν
1016 4188 1149 4254 εἰωθότας
1168 4196 1241 4248 sinor
1261 4212 1308 4257 τις,
1333 4179 1363 4246 εὖ

191 4275 276 4343 015⁰
262 4307 303 4342 οτι
322 4275 487 4365 συμφήσαιτ’
506 4282 541 4343 ἂν
560 4283 687 4348 ἅπαντας.
