3112 4890
659 243 877 329 “7‘“‚

169 436 245 516 quiid
270 437 405 516 proprie
430 456 469 501 ea
486 438 580 518 velit,
605 438 668 502 iam
686 457 748 501 non
768 446 960 516 cognoscat.
996 439 1184 520 Ephymnio
1212 455 1344 518 semper

168 545 367 609 sententiam
398 563 457 623 per
486 563 522 607 se
554 546 719 625 integram
749 547 885 610 subesse
913 546 976 610 iam
1007 547 1165 627 diximus;
1201 565 1241 610 ex
1271 547 1343 610 eius

168 659 287 717 natura
311 671 412 730 porro
431 653 584 730 sequitur
601 671 739 717 necesse
757 671 831 717 esse
849 655 989 731 exprimi
1009 672 1047 718 eo
1065 655 1172 733 magis
1194 656 1342 721 minusve

168 759 268 823 animi
293 759 446 823 affectum
471 768 667 840 statumque,
692 760 726 823 iu
751 779 815 838 quo
839 767 945 824 totum
972 779 1105 825 carmen
1129 771 1286 826 versetur
1310 769 1344 826 et

169 867 222 930 cui
247 867 464 944 explicationi
490 868 544 946 sit,
563 876 642 947 tum,
669 875 705 931 ut
722 867 805 946 illic,
823 866 971 931 dolorem
988 877 1127 932 mortem
1146 869 1343 950 lugentium,

168 983 237 1037 tum
270 974 426 1053 gaudium
456 975 590 1052 nuptias
620 975 862 1038 celebrantium
892 975 947 1039 vel
975 993 1113 1039 messem
1148 974 1341 1040 facientium

169 1081 370 1160 similiaque.

274 1207 473 1285 Priusquam
502 1206 541 1270 ad
571 1207 794 1287 Aeschyleum
823 1206 1076 1286 ephymniorum
1106 1226 1215 1288 usum,
1245 1227 1339 1287 quem

168 1321 316 1377 tractare
346 1314 442 1377 nobis
471 1322 523 1378 est
551 1316 771 1394 propositum,
804 1322 1029 1392 transeamus,
1059 1333 1165 1391 pauca
1193 1314 1342 1379 addenda

169 1428 246 1483 sunt
279 1419 318 1484 (le
354 1438 436 1485 voce
472 1414 642 1499 ἐφύμνιον.
691 1420 896 1499 Hephaestio
934 1421 1044 1497 capite
1068 1420 1128 1484 XI.
1164 1421 1255 1501 libri,
1285 1422 1339 1499 qui

168 1525 248 1607 περὶ
272 1521 456 1604 ποιήματος
489 1528 696 1606 inscribitur,
721 1528 803 1591 haec
828 1528 942 1591 babet:
973 1520 1040 1586 ἔστι
1064 1525 1101 1587 δέ
1121 1546 1194 1588 τινα
1218 1523 1253 1587 ἐν
1275 1533 1343 1598 τοῖς

168 1629 326 1717 ποιήμασι
350 1628 468 1695 καὶτὰ
494 1629 681 1711 καλούμενα
705 1629 859 1715 ἐφύμνια,
883 1624 973 1714 ἅπερ
997 1623 1115 1715 ταύτης
1138 1636 1192 1716 τῆς
1216 1652 1341 1720 προση-

168 1742 276 1820 γορίας
300 1735 485 1822 τετύχηκεν,
511 1735 627 1824 ἐπειδὴ·
646 1741 702 1801 καὶ
726 1735 890 1821 ἐφύμνιύν
913 1762 946 1800 ιι
970 1735 1127 1801 εἰώθασιν
1151 1738 1287 1820 ἐπείγειν
1311 1738 1341 1802 οἱ

168 1847 303 1929 ποιηταὶ
327 1854 397 1917 ταῖς
421 1853 586 1929 στροφαῖς,
612 1834 667 1907 oiri
689 1842 757 1908 ἐστι
781 1842 897 1908 καὶτὰ
923 1849 1059 1907 τοιαῦτα

275 1948 355 2016 Ἰύῐε
380 1949 497 2036 παιάν,

167 2061 221 2121 καὶ

269 2148 309 2228 Ὦ
333 2164 530 2251 διθύραμβε.

169 2297 277 2373 Atque
314 2296 363 2358 eis
399 2294 596 2375 ephyumiis,
633 2313 716 2372 quae
753 2313 818 2357 uon
853 2300 928 2371 post
963 2294 1144 2373 stropham,
1182 2293 1239 2356 sed
1264 2301 1341 2372 post

168 2419 299 2465 versum
338 2411 527 2481 ponuntur,
564 2402 732 2479 proprium
770 2419 888 2464 nomen
923 2402 1177 2481 mesymniorum
1207 2402 1339 2481 tribuit,

169 2508 305 2572 laudans
332 2510 483 2587 Sapphus
509 2510 636 2587 (Bergk
662 2506 718 2587 bl)

274 2607 358 2698 ύψοι
381 2611 419 2694 δι’(
442 2608 479 2677 τι)
501 2614 684 2696 μέλαθρον,

379 2715 557 2805 Ὑμηνοιον,

272 2822 406 2911 α’ίρρετε
428 2833 574 2898 τέκτονες
596 2824 721 2910 ἄνδρες,

378 2930 555 3018 Ὑμηναον.

273 3037 415 3126 γαμβρὸς
439 3040 604 3125 ἐσέρχεται
627 3040 712 3111 ἴσσος
730 3039 846 3124 'Aeson

167 3151 283 3228 (reputo
308 3158 417 3215 autom
442 3152 537 3215 XIII.
563 3151 707 3215 eiusdem
733 3151 811 3215 iibri
837 3167 920 3227 quae
945 3150 991 3212 sit
1015 3150 1104 3212 iuter
1119 3141 1280 3226 ίηίμνιον
1304 3157 1339 3214 et

166 3251 359 3337 ἐπίηδεχμα
388 3258 574 3322 differentia
604 3259 751 3336 exponit,
782 3257 837 3320 ubi
867 3264 933 3319 ost:
964 3250 1029 3316 ἔστι
1058 3254 1096 3316 δέ
1120 3274 1194 3315 τινα
1218 3254 1271 3314 καὶ
1296 3249 1336 3316 τὰ

166 3360 356 3442 καλούμενα
392 3358 671 3444 ε’πιηδεχματικιί,
707 3356 729 3424 ἃ
753 3363 903 3444 διαφέρει
938 3356 1039 3447 ταύιη
1070 3363 1132 3423 τῶν
1156 3356 1336 3443 ἐιμυμνίοιν,

166 3461 217 3532 ὅτι
253 3465 291 3533 τὰ
328 3471 390 3550 μὲν
418 3467 561 3553 ἐφύμνια
590 3467 625 3532 ἐκ
654 3473 819 3552 περιττοῦ,
849 3463 888 3539 ὥς
916 3465 996 3551 πρὸς
1018 3462 1056 3530 τι)
1081 3462 1274 3550 λεγόμενον,
1297 3471 1338 3554 τῇ

166 3579 290 3663 στρομ-η
314 3573 518 3661 πρόσκειται,
547 3572 586 3641 τοὶ
616 3576 650 3640 δὲ
681 3570 949 3659 ἑπιφθεγματικιλ
974 3576 1027 3638 καὶ
1053 3569 1136 3657 πρὸς
1160 3578 1240 3635 νοῦν
1265 3592 1336 3636 σαυ-

164 3684 261 3767 τελεῐ,
286 3670 358 3745 οἷον
380 3679 417 3746 τὸ
443 3684 646 3762 Βακχυλίδου
670 3684 799 3766 (Bergk
823 3685 880 3764 25)

271 3776 290 3876 ἦ
315 3785 411 3860 καλύς
437 3786 626 3873 Θεόκριτος,
651 3783 690 3852 ού
712 3785 813 3869 μόνος
836 3781 1029 3871 ἀνθρώπων
1052 3785 1138 3870 ἐρᾷς,

166 3899 219 3959 καὶ
245 3894 348 3959 πιίλιν
371 3890 463 3980 παρὰ
484 3900 528 3981 τῷ
551 3889 638 3982 αύτῷ
661 3895 844 3981 Βακχυλίδῃ
869 3894 998 3977 (Bergk
1023 3899 1078 3963 ab)

271 3999 309 4066 σύ
333 3999 401 4067 δ’ἑν
426 4008 538 4082 χιτῶνι
562 4000 674 4088 μούνῳ
704 3997 794 4086 παρὰ
824 3999 883 4085 την
911 4000 1010 4086 ηίλην
1039 4007 1178 4080 γυναῖκα
1206 3997 1336 4082 ηειῖχεις

167 4114 266 4178 Recte
303 4115 387 4178 onim
428 4113 475 4176 sic
515 4114 689 4191 Westpbal
728 4112 855 4177 tradita
893 4111 997 4177 verba
1036 4111 1217 4176 mutavisse
1254 4110 1332 4173 mihi

165 4239 294 4299 quoque
320 4241 392 4285 cum
417 4221 564 4284 t‘hristio
589 4219 728 4299 (Metrik
754 4239 783 4296 p.
809 4214 888 4302 650)
913 4218 1056 4283 videtur.
1103 4218 1183 4281 Nam
1208 4215 1335 4282 tradita
