3112 4890
795 226 834 290 13
882 259 923 269 „.„

228 429 337 486 tamen
362 422 458 487 fatali
486 423 599 486 morbo
624 432 752 486 tumere
777 425 965 504 exponitur,
991 423 1069 501 quid
1095 424 1160 487 sibi
1178 424 1263 489 velit
1280 423 1404 498 iterata

229 531 496 593 commemoratio
521 531 641 611 noctis,
667 539 725 595 aut
763 530 804 594 ad
838 549 996 610 quosnam
1025 523 1099 599 τούς
1128 529 1164 591 <le
1194 531 1402 595 referendum

228 638 283 713 sit,
308 657 373 700 non
409 638 633 717 intellegitur,
670 655 730 701 nec
754 639 862 717 nugis
889 647 963 715 post
987 639 1231 716 antistropham
1256 639 1403 719 tertiam,

228 763 293 822 qua
317 746 431 824 pergit
456 754 555 823 poeta
580 763 745 822 exponere
770 745 897 808 nullum
922 763 996 809 esse
1020 745 1186 824 refugium
1213 745 1403 823 parricidae

226 852 385 930 nullaque
421 871 506 930 aqua
543 852 654 916 caedis
692 852 853 916 maculam
890 853 958 915 elui
994 870 1101 930 posse.
1158 852 1268 933 Quare
1304 871 1402 915 unum

228 958 312 1022 illud
336 960 479 1022 Porsoni
503 959 682 1022 remedium
715 959 844 1040 placet,
874 959 961 1037 quod
985 968 1077 1023 recte
1102 977 1214 1023 omnes
1238 957 1309 1023 fere
1334 960 1403 1022 lau-

221 1064 402 1146 daverunt,
428 1066 571 1130 delentis
596 1084 728 1131 versum
754 1068 936 1144 repetitum
961 1067 993 1129 in
1012 1067 1151 1144 stropha
1167 1067 1280 1133 tertia.
1307 1065 1401 1147 Quod

227 1190 265 1235 eo
306 1173 512 1250 probabilius
552 1181 604 1237 est
643 1172 729 1251 quod
769 1192 871 1237 causa
910 1172 1014 1237 falsae
1054 1173 1269 1250 repetitionis
1304 1172 1402 1237 facile

227 1278 339 1343 ail'erri
366 1287 488 1357 potest.
537 1281 730 1359 Congrunnt
766 1281 852 1344 enim
893 1281 982 1344 inter
1015 1298 1050 1343 se
1087 1299 1150 1343 non
1175 1280 1270 1343 modo
1301 1282 1403 1345 verba

229 1404 345 1451 versus
385 1393 425 1450 62
467 1395 500 1451 et
541 1388 613 1451 eius
649 1389 705 1466 qui
745 1388 778 1450 in
816 1386 930 1450 codice
966 1396 1043 1464 post
1076 1393 1117 1450 68
1142 1388 1305 1468 sequitur,
1329 1381 1403 1455 ιιύς

228 1482 258 1552 δ’
270 1487 428 1574 ἄκραντος
452 1488 519 1570 ἔχει
542 1488 605 1574 νύξ,
642 1494 699 1557 sed
736 1495 834 1558 etiam
873 1495 1067 1558 vocabulum
1105 1493 1192 1572 quod
1228 1501 1403 1572 utrumque

227 1600 395 1664 antecedit
419 1601 506 1664 idem
530 1610 592 1681 est,
618 1602 682 1665 nisi
709 1600 794 1679 qnod
819 1601 891 1665 illic
915 1601 1052 1665 formam
1078 1595 1182 1682 βρύει,
1207 1602 1261 1665 hic
1291 1596 1403 1683 βρύειν

227 1707 379 1786 legimus·
429 1707 515 1788 Quin
557 1715 665 1771 autem
712 1708 817 1771 solum
855 1707 888 1770 in
920 1726 1018 1771 versu
1055 1713 1095 1770 68
1134 1709 1257 1772 iustum
1294 1708 1400 1772 locum

229 1822 342 1878 teneat
366 1808 508 1895 boisilo)
533 1833 597 1876 non
623 1823 674 1878 est
692 1813 917 1881 dubitandum.
960 1814 1052 1895 Quae
1070 1803 1192 1891 duple'x
1210 1816 1402 1892 corruptela

227 1921 364 1985 videtur
388 1923 437 1985 ita
462 1930 536 1986 orta
562 1939 634 1985 esse
650 1919 842 2003 (secundum
856 1921 1159 2002 Wilamowitzium‚
1178 1921 1227 1984 ed.
1246 1921 1400 2012 Olroepb,

230 2033 325 2107 1886,
350 2047 381 2105 p.
401 2024 489 2109 159),
515 2036 551 2093 ut
576 2028 688 2092 scriba
712 2029 815 2094 verba
838 2020 913 2096 τοὺς
937 2020 1127 2109 δ’ἄιιρανιις
1156 2022 1222 2104 ἔχει
1251 2023 1310 2100 νύξ
1341 2047 1400 2092 suo

227 2134 301 2197 loco
327 2136 449 2199 omissa
473 2137 508 2199 in
533 2135 682 2214 margine
708 2136 801 2199 iuxta
825 2153 956 2200 versum
983 2140 1024 2198 68
1053 2128 1192 2218 (βρύειν)
1224 2136 1399 2215 scriberet,

228 2240 341 2305 addita
366 2251 445 2306 nota
469 2243 582 2320 aliqua
606 2261 647 2305 ex
671 2261 735 2320 qua
760 2261 823 2320 quo
848 2243 951 2306 verba
975 2249 1088 2305 essent
1106 2242 1284 2306 inserenda
1301 2261 1399 2320 appa-

226 2357 330 2429 reret,
355 2351 384 2412 is
409 2356 518 2412 66666
544 2350 600 2427 qui
625 2350 659 2412 in
684 2348 860 2412 scribendo
885 2348 918 2411 id
953 2358 1167 2426 praeceptum
1198 2351 1401 2427 sequebatur

227 2456 287 2519 illa
323 2455 454 2533 quidem
494 2457 597 2528 verba
633 2474 692 2520 suo
727 2456 800 2520 loco
829 2464 1010 2534 reponeret
1033 2473 1094 2533 per
1118 2473 1266 2519 errorem
1290 2465 1400 2520 tamen

225 2580 398 2626 numerum
436 2581 549 2626 eorum
582 2564 744 2629 vocabulo
781 2562 992 2627 antecedenti
1017 2555 1156 2644 (βρύειν)
1181 2581 1317 2643 augens,
1342 2563 1399 2626 sed

226 2677 303 2746 post
327 2675 368 2733 68
393 2689 457 2733 666
484 2669 623 2737 deleret.

334 2778 443 2855 Atque
483 2778 565 2840 6666
604 2776 735 2855 quidem
776 2784 868 2840 certa
908 2777 1058 2854 exempla
1098 2777 1287 2856 Aeschylea
1323 2784 1400 2840 sunt

227 2884 475 2964 epbymniorum
494 2902 511 2946 e
530 2883 674 2962 singulis
694 2884 848 2948 versibus
872 2882 1094 2947 constantium
1108 2881 1143 2964 1).
1179 2884 1399 2947 'lranseamus

227 2990 267 3054 ad
293 3009 439 3069 eaquae
465 2991 683 3068 expluribus
709 2998 787 3054 sunt
811 2992 1007 3068 composita.

332 3098 371 3162 In
395 3098 527 3179 threno,
553 3116 647 3176 quem
673 3100 705 3161 in
726 3098 859 3175 Septem
884 3097 998 3161 fabula
1022 3097 1062 3161 de
1080 3097 1218 3161 Eteocle
1243 3117 1281 3160 66
1298 3098 1397 3176 Poly-

225 3204 298 3268 nice
331 3214 444 3269 mutua
475 3205 574 3269 caede
607 3206 746 3269 mortuis
779 3205 948 3282 Antigona
979 3213 1079 3284 atque
1109 3205 1240 3269 Ismena
1265 3223 1398 3268 sorores

226 3312 367 3375 alternis
398 3313 529 3376 vicibus
566 3321 688 3376 canunt
725 3313 910 3393 6941666),
948 3313 1049 3377 trium
1085 3313 1229 3390 partium
1256 3311 1398 3391 (proelii,

227 3426 344 3482 cantus
368 3419 615 3498 antistropbici‚
652 3418 758 3497 epodi)
785 3419 892 3483 media
917 3419 1093 3498 eplrymnia
1122 3419 1268 3481 exbibet.
1316 3419 1395 3481 Nam

226 3535 260 3590 et
284 3527 421 3603 stropha
445 3534 479 3591 et
503 3527 714 3604 antistropha
738 3525 852 3590 finitur
877 3527 929 3590 bis
954 3525 1108 3590 versibus

452 3624 489 3692 ἰώ
516 3634 632 3714 Μοῖρα
656 3626 873 3714 βαρυδότειρα
896 3626 1031 3714 μογερά,

452 3731 575 3799 πότνια
596 3730 626 3798 τ’
653 3732 795 3800 Οἰδίπου
819 3732 905 3819 σκιά,

452 3838 580 3923 μέλαιν’
604 3834 728 3927 Ἐρινύς
750 3828 770 3928 ἦ
793 3839 996 3925 μεγασθενής
1019 3865 1067 3914 αις
1090 3834 1129 3908 εἶ,

226 3951 382 4032 Quisnam
408 3971 464 4016 eos
497 3952 711 4032 cantavisset
747 3952 1002 4030 disputaverunt
1027 3953 1175 4015 homines
1200 3951 1298 4031 loeti,
1325 3970 1397 4014 cum

333 4142 359 4211 1)
380 4145 423 4197 De
443 4163 528 4200 versu
549 4146 722 4210 intercalari,
744 4146 791 4213 qui
805 4146 892 4197 estin
907 4144 1140 4214 Choephororum
1155 4146 1255 4197 ultimo
1269 4147 1397 4212 stamme,

224 4230 301 4309 πάρα
321 4227 349 4288 τι)
369 4232 426 4301 φώς
445 4233 524 4297 ἰδεῖν,
543 4233 618 4290 infra
637 4233 832 4302 tractabimus,
851 4241 920 4303 p,52
934 4252 996 4305 sqq.
