3112 4890
760 242 799 300 χχ
868 277 874 280 .

194 433 293 511 dixit;
319 453 390 498 eum
410 452 493 513 esse,
518 434 573 513 qui
592 433 678 512 apud
696 452 818 512 corpus
834 441 999 498 mortuum
1019 440 1111 497 stans
1130 425 1236 512 ὕμνον
1254 427 1369 512 ὑμνεῖν

194 541 326 605 dicatur
348 541 520 620 ipsumque
552 542 624 605 eius
657 541 810 621 hymnum
842 559 917 605 esse
943 541 1154 621 ephymnium
1179 544 1367 622 insequens.

193 648 262 712 Iam
287 657 437 728 apparet,
462 648 490 712 si
513 655 607 712 recte
624 648 818 712 tribuuntur
835 648 985 711 daemoni
1002 649 1159 725 repetita,
1185 651 1269 714 satis
1295 668 1368 714 esse

194 773 253 818 cur
282 755 526 836 Clytaemestra
550 773 588 818 ea
624 756 793 834 neglegat,
830 773 901 818 cum
939 755 1120 818 clroreutae
1157 756 1207 820 sic
1230 776 1295 820 non
1320 757 1368 834 ip-

193 879 305 925 sorum
330 881 433 940 suam,
459 862 516 926 sed
542 861 712 928 daemonis
737 863 935 926 sententiam
961 861 1152 946 proie1·ant;
1182 882 1369 942 quanquam

193 986 256 1032 non
283 969 379 1033 video
398 969 453 1047 qui
470 969 541 1033 fieri
561 970 718 1048 potnerit,
738 977 774 1033 ut
791 978 826 1033 et
843 968 1085 1049 Clytaemestra
1103 977 1137 1033 et
1159 978 1368 1048 spectatores

153 1106 156 1110 ⁴
194 1078 296 1140 verba
332 1096 395 1140 non
433 1077 537 1157 chori,
571 1077 627 1141 sed
665 1077 834 1141 daemonis
868 1077 980 1141 afferri
1019 1086 1269 1154 cognoscerent.
1325 1081 1369 1142 At

193 1183 343 1262 equidem
370 1184 402 1247 id
428 1203 491 1248 oon
518 1186 632 1261 probo.
680 1184 760 1247 Nam
786 1185 924 1261 primum
952 1202 1036 1262 nego
1062 1184 1263 1263 daemonem,
1296 1204 1367 1249 cum

193 1308 253 1367 per
277 1291 435 1354 Helenam
471 1302 571 1370 atque
609 1291 882 1371 Clytaemestram
921 1292 1064 1355 exitiosa
1099 1290 1250 1355 facinora
1282 1310 1368 1356 com·

193 1399 322 1463 miserit
358 1395 410 1479 (ut
447 1400 517 1476 ipse
552 1401 673 1462 chorus
714 1398 923 1476 declaravit),
960 1398 1015 1461 bic
1047 1399 1194 1462 Helenae
1218 1400 1303 1464 vitio
1329 1417 1368 1463 ea

194 1512 326 1570 vertere
362 1525 470 1583 posse.
524 1506 651 1570 Deinde
691 1525 755 1570 non
793 1507 955 1583 intellego
992 1525 1055 1584 quo
1093 1507 1165 1570 iure
1199 1506 1368 1571 daemonis

193 1620 310 1677 cantus
336 1631 407 1676 cnm
445 1615 537 1678 corvi
571 1614 709 1679 vocibus
739 1621 960 1691 comparetur.
1008 1613 1089 1677 Nam
1118 1615 1254 1677 tertium
1281 1613 1368 1692 quod

194 1728 334 1784 vocatur
358 1721 616 1798 comparationis
641 1721 694 1784 hic
719 1741 783 1784 non
808 1721 913 1784 solum
938 1720 1073 1784 videtur
1097 1720 1129 1783 id
1158 1739 1248 1801 esse,
1281 1720 1367 1799 quod

194 1827 278 1905 paud
313 1845 432 1905 corpus
468 1836 631 1892 mortuum
663 1835 791 1907 statur,
823 1827 880 1890 sed
914 1827 999 1906 quod
1030 1846 1048 1890 a
1078 1828 1247 1892 stantibus
1280 1827 1366 1906 apud

193 1949 312 2014 corpus
336 1942 500 1999 mortuum
542 1936 633 2000 laeta
665 1944 775 2000 tamen
813 1954 877 2000 vox
911 1934 1066 2001 mittitur.
1126 1936 1197 1998 Hoc
1233 1937 1367 2016 ephym·

191 2041 278 2104 nium
314 2051 424 2105 autem
456 2043 513 2107 vix
550 2043 742 2107 invenietur
778 2042 832 2120 qui
870 2043 992 2106 laetum
1034 2048 1165 2105 cantum
1208 2042 1366 2120 appellet.

129 2155 131 2162 '
193 2148 316 2212 Contra
342 2148 587 2229 Clytaemestra
617 2151 762 2226 perbene
788 2168 859 2213 cnm
886 2167 986 2214 corvo
1012 2157 1235 2227 comparatur,
1261 2167 1366 2227 neque

193 2256 362 2334 quisquam
387 2256 450 2320 nisi
477 2275 517 2321 ea
541 2276 559 2320 a
584 2258 829 2335 spectatoribus
854 2256 1007 2334 intellegi
1026 2264 1170 2336 poterat,
1195 2275 1267 2320 cum
1290 2256 1366 2320 inde

192 2382 211 2426 a
234 2381 334 2428 versu
361 2369 442 2428 1371
479 2364 703 2444 eccyclemate
731 2363 880 2428 adhibito
906 2383 1026 2442 corpus
1051 2364 1308 2442 Agamemnonis
1333 2373 1367 2428 et

193 2471 437 2550 Clytaemestra
473 2481 565 2535 stans
602 2470 688 2548 apud
713 2470 746 2534 id
772 2470 1031 2548 conspiciantur.
1080 2475 1190 2548 Atque
1215 2472 1366 2550 hymnus,

193 2595 286 2655 quem
313 2578 413 2656 canit,
439 2586 516 2643 sunt
540 2575 781 2659 (translaticia)
806 2579 919 2658 verba,
945 2595 1028 2656 quae
1046 2596 1149 2656 usque
1173 2576 1280 2641 adbuc
1305 2579 1365 2642 bac

191 2684 225 2748 in
250 2702 349 2748 scena
384 2685 627 2765 pronuntiavit,
663 2686 784 2763 quibus
817 2684 907 2748 facto
943 2684 1111 2763 gloriatur
1144 2704 1263 2762 magna
1293 2703 1364 2748 cum

190 2792 323 2856 laetitia
356 2791 412 2866 (cf.
450 2793 629 2871 praecipue
663 2811 693 2857 v.
732 2791 931 2871 1390—93).
991 2792 1084 2873 Quod
1125 2793 1225 2855 etiam
1261 2792 1365 2856 tertia

190 2917 331 2977 persona
355 2893 532 2976 ἐπεύχεται
556 2919 587 2966 v.
615 2905 698 2963 1475
723 2900 812 2979 (post
836 2894 1005 2977 ἐμπίτνεις
1031 2905 1113 2963 1469
1140 2908 1174 2964 et
1197 2893 1366 2978 κρατύνεις

193 3004 291 3089 1472)
327 3006 585 3086 commendatur,
626 3026 809 3085 quanquam
848 3006 1009 3070 eiusmodi
1047 3024 1260 3084 personarum
1297 3025 1365 3069 mu·

190 3113 334 3178 tationes
358 3133 422 3177 non
447 3113 618 3177 inauditae
643 3121 730 3177 sunt.
778 3113 960 3194 Quominus
984 3114 1031 3176 ita
1057 3114 1243 3176 subiectum
1268 3113 1363 3177 verbi

190 3216 366 3297 ἐπεύχεται
389 3222 540 3301 reginam
567 3238 640 3284 esse
665 3228 860 3299 statuamus
881 3220 1007 3285 tradita
1024 3220 1278 3288 tormentabas
1299 3238 1363 3283 non

191 3328 420 3405 probibemur3
457 3347 529 3392 nam
566 3346 625 3392 eae
661 3328 798 3391 litterae
835 3326 948 3391 eodem
990 3327 1063 3390 iure
1102 3319 1249 3388 ocndato'
1286 3335 1363 3391 aute

189 3437 337 3499 vocalem
374 3436 532 3514 leguntur
567 3432 630 3519 (sic
666 3436 792 3513 primus
828 3432 996 3517 Schuetz).
1045 3437 1154 3514 Atque
1191 3442 1228 3498 nt
1257 3436 1363 3512 nragis

191 3543 399 3620 perspicuum
435 3544 481 3607 sit
515 3544 579 3607 iam
612 3562 678 3607 non
712 3542 751 3606 de
776 3542 944 3621 daemone,
970 3541 1026 3605 sed
1053 3542 1092 3605 de
1118 3543 1363 3622 Clytaemestra

190 3650 326 3713 chorum
363 3650 453 3727 loqui
502 3685 543 3694 -
589 3649 675 3727 quod
718 3659 827 3714 tamen
864 3650 968 3713 tertia
1010 3667 1152 3726 persona
1187 3657 1221 3712 et
1255 3649 1363 3711 torma

188 3747 336 3816 crotato'
366 3757 449 3819 satis
478 3756 646 3819 indicatur
679 3793 731 3835 —‚
757 3757 960 3833 accipiamus
985 3756 1097 3819 Weilii
1124 3756 1362 3832 coniecturam,

190 3863 244 3940 qui
272 3864 433 3942 lacunam,
458 3881 541 3940 (quae
566 3870 677 3927 exstat
702 3871 778 3940 post
794 3857 968 3938 ἐπεύχεται
989 3872 1195 3927 monstrante
1214 3862 1360 3940 stropha,

189 3978 223 4032 et
247 3988 331 4048 qnae
356 3971 465 4048 poscit
496 3970 691 4035 vocabulum
722 3969 853 4033 iambici
886 3970 1002 4049 metri,
1028 3987 1109 4033 voce
1135 3962 1214 4050 γυνή
1237 3969 1360 4047 explet,

189 4094 228 4140 eo
253 4078 470 4158 probabilius,
507 4077 593 4157 quod
628 4078 693 4155 ipsi
730 4077 944 4140 coniecturae
981 4095 1081 4140 cansa
1108 4076 1197 4139 inest
1226 4094 1362 4153 corrup·

188 4185 288 4262 telae,
324 4183 399 4248 dico
433 4183 680 4250 similitudinem
715 4184 904 4249 litterarum
941 4183 1093 4253 vocabuli
1130 4177 1211 4263 γυνή
1244 4190 1279 4247 et
1314 4183 1361 4245 in·

187 4293 359 4374 sequentis
383 4291 452 4363 νῦν,
