3112 4890
666 284 701 291 -
755 242 797 311 λῃ
851 285 885 291 -.

189 452 361 527 vocentur,
387 465 436 510 me
461 445 557 523 plane
584 445 756 523 praeterit.
803 444 884 508 Nam
908 439 1049 526 χρησμός
1085 453 1147 525 est,
1180 444 1368 524 ubicunque

190 552 371 634 invonitur,
411 544 606 631 responsum
646 552 710 631 dei,
751 559 809 616 aut
849 552 1055 616 vaticinium.
1106 551 1216 633 Quare
1257 560 1294 617 ut
1334 554 1367 617 in

190 660 365 739 ephymnio
390 660 475 724 nihil
500 667 552 722 est
577 659 664 737 quod
688 652 831 740 χρησμός
853 667 947 723 recte
971 660 1087 724 vocari
1113 660 1231 742 possit,
1256 660 1304 724 ita
1328 679 1369 724 ca

190 786 273 844 (puae
299 768 420 831 chorus
446 767 677 845 pronuntiavit
701 768 912 845 antistropha
929 785 955 847 a,
980 768 1143 845 imprimis
1167 769 1367 843 sententiam

523 869 713 956 κεκόλληται
739 877 827 952 γένος
852 866 936 956 πρὸς
959 868 1034 956 ἄνα,

188 982 362 1058 aptissimo
387 1000 469 1047 voce
485 977 626 1062 χρησμός
642 982 760 1060 regina
778 982 1031 1060 complectitur,
1055 1000 1162 1060 nerpue
1182 983 1367 1062 Clytaeme-

190 1096 281 1152 strae
295 1089 397 1153 vcrba
413 1090 453 1152 ab
468 1089 526 1152 illo
545 1089 638 1152 chori
662 1088 823 1152 vaticinio
853 1087 975 1151 debere
992 1090 1171 1153 interiecto
1190 1091 1366 1170 ephymnio

188 1194 298 1258 dirimi
324 1213 503 1272 pronomen
542 1189 633 1256 νόνδε
669 1195 831 1261 vocabulo
860 1189 1008 1278 χρησμόν
1032 1197 1231 1260 attributum
1257 1196 1366 1261 docet.

188 1301 243 1365 Sic
268 1302 354 1366 onim
381 1303 490 1366 oratio
516 1303 599 1367 benc
618 1289 794 1381 procedit:
831 1301 960 1380 Regina
985 1302 1190 1384 vaticinium,
1216 1303 1303 1381 quod
1327 1304 1367 1368 de

189 1408 318 1472 Atridis
352 1427 387 1472 se
422 1410 564 1474 invicem
602 1410 799 1474 necantibus
835 1408 931 1472 modo
965 1408 1095 1475 audivit
1130 1411 1266 1474 chorum
1292 1429 1367 1488 pro·

187 1514 358 1594 ferentem,
384 1534 498 1581 vorum
523 1534 597 1580 esse
623 1517 777 1593 agnoscit
801 1517 965 1594 simulque
990 1534 1030 1579 nc
1056 1516 1185 1595 quando
1204 1519 1237 1581 in
1259 1518 1363 1595 ipsam

188 1621 285 1686 cadat
320 1623 533 1687 vehementer
568 1630 678 1703 pavet,
715 1641 817 1701 quare
853 1641 888 1687 sc
925 1641 997 1687 cum
1035 1624 1171 1702 generis
1208 1623 1366 1688 daemone

188 1727 304 1798 foedus
341 1730 504 1794 iacturam
541 1748 615 1793 esse
653 1729 746 1793 dicit.
773 1728 907 1793 —'Ncc
932 1730 1069 1794 multum
1096 1730 1206 1795 differt
1241 1731 1367 1808 primns

188 1836 293 1900 locus.
340 1838 521 1915 Postquam
557 1837 678 1900 chorus
715 1837 854 1914 stropha
890 1856 910 1896 α
946 1837 1012 1900 sibi
1046 1845 1184 1901 mortem
1210 1844 1367 1915 precatus

188 1951 251 2023 ost,
277 1943 363 2021 ‹paod
388 1946 590 2021 Agamemno
615 1952 683 2008 tam
708 1944 813 2008 multa
838 1962 897 2022 per
922 1943 1004 2008 duas
1029 1930 1181 2025 feminas,
1207 1946 1365 2009 Helenam

188 2057 222 2114 et
247 2049 536 2130 Clytaemestram,
562 2059 651 2115 esset
675 2069 803 2130 passus
828 2052 1045 2131 systematel
1069 2059 1103 2115 et
1127 2060 1223 2130 parte
1247 2053 1269 2130 β

404 2168 440 2234 ἰώ
466 2170 504 2235 ἰώ
529 2171 698 2255 παράνους
721 2167 842 2256 Ἑλένα,

403 2283 463 2360 μία
486 2274 543 2351 τὰς
566 2276 701 2363 πολλός,
724 2275 781 2351 τὰς
805 2277 895 2344 πάνυ
920 2277 1047 2352 πολλᾶς

404 2383 511 2472 ψυχὰς
533 2382 660 2466 ὀλέσασ’
685 2382 748 2450 ὑπὸ
777 2391 890 2473 Τροίᾳ.

509 2497 569 2557 νῦν
594 2495 629 2558 δὲ
652 2495 780 2559 τελείαν
804 2493 1038 2575 πολύμναστον

402 2599 573 2686 ἐπηνθίσω
597 2595 641 2665 δι’
666 2589 738 2682 αἷμ’
762 2599 913 2684 ἄνιπτον,

400 2703 469 2793 ἥτις
491 2695 531 2795 ἦν
554 2705 623 2772 τότ’
647 2707 682 2772 ἐν
708 2707 822 2790 δόμοις

401 2814 468 2900 ἔρις
492 2814 662 2900 ἐρίδματος
686 2809 803 2900 siccioris
827 2813 913 2893 οἰζύς

189 2945 347 3007 Helenam
367 2953 572 3025 exsecratur,
591 2945 713 3022 quippe
731 2964 750 3008 a
768 2963 832 3022 qua
848 2951 954 3008 totum
973 2945 1091 3007 malum
1111 2945 1157 3008 sit
1171 2943 1365 3024 profectum.

92 3060 94 3064 ’
189 3051 238 3115 hd
264 3070 347 3129 quae
372 3052 490 3130 regina
514 3058 697 3131 systemate
720 3051 754 3114 ΙΙ
780 3069 897 3129 aspere
922 3051 1103 3128 respondet
1127 3070 1167 3115 ne
1193 3052 1283 3115 vitae
1308 3069 1365 3123 cos

187 3158 323 3222 taedeat
347 3177 430 3222 ueve
451 3166 569 3222 contra
599 3158 758 3222 Helenam
791 3159 874 3222 iram
904 3164 1068 3223 avertant.
1117 3158 1222 3222 Valde
1247 3159 1364 3221 mirum

189 3265 244 3347 sit,
270 3265 298 3328 si
325 3266 430 3329 nihilo
455 3266 563 3329 minus
587 3266 744 3343 repetitis
779 3272 854 3344 post
879 3266 1123 3343 antistropham
1151 3285 1171 3325 α
1195 3263 1362 3345 ophymnii

188 3373 261 3436 loco
287 3379 470 3451 systemate
495 3371 512 3435 Ι
537 3380 571 3436 et
596 3373 730 3451 parted
752 3373 871 3451 regina
889 3373 1243 3453 commemorationem,
1269 3390 1364 3450 (luam

188 3479 307 3559 vetuit,
326 3479 474 3542 Helenae
491 3479 647 3543 iteratam
665 3497 728 3542 non
741 3480 911 3557 vituperet
923 3497 1030 3556 neque
1045 3479 1176 3542 omnino
1194 3479 1366 3558 respiciat,

189 3586 248 3651 scd
272 3593 393 3665 pergat
417 3585 529 3650 dicere
554 3587 689 3649 chorum
714 3604 800 3649 nuuc
825 3587 1023 3650 sententiam
1049 3604 1141 3649 suam
1168 3586 1366 3663 correxisse,

189 3713 261 3758 cum
296 3694 537 3759 nominavisset
573 3692 763 3756 daemonem
799 3694 934 3767 ,ueneris
970 3692 1017 3771 (id
1054 3692 1139 3771 quod
1177 3701 1292 3770 aperto
1326 3691 1366 3755 ad

188 3821 219 3867 v.
247 3806 329 3864 1469
363 3799 572 3864 referendum
605 3801 676 3876 est).
718 3804 763 3864 At
793 3801 891 3864 huius
925 3801 975 3863 rei
1001 3819 1132 3864 causam
1158 3800 1276 3863 adorro
1301 3798 1365 3862 sibi

188 3908 253 3974 visi
288 3916 366 3972 sunt
397 3907 617 3973 Wilamowitz
651 3907 736 3989 tlnd.
762 3909 866 3971 schol.
898 3908 1023 3987 Gryph.
1059 3904 1213 3989 latofao,
1240 3927 1269 3985 p.
1297 3908 1368 3986 llll)

188 4016 323 4092 aliique.
364 4016 490 4079 Putant
515 4015 598 4077 enim
624 4014 763 4092 repetiti
788 4015 955 4094 ephymnii
983 4014 1084 4078 verba
1109 4031 1182 4076 essa
1200 4012 1367 4076 daemonis

189 4121 452 4191 'laritalidarum
470 4122 564 4184 cuius
582 4120 838 4185 dominationem
857 4140 897 4184 en
914 4120 1010 4183 malis
1034 4138 1117 4197 quae
1140 4119 1368 4197 patravissent

191 4227 274 4292 duae
322 4227 463 4290 feminae
505 4228 764 4310 (Clytaemestra
805 4236 840 4293 ot
875 4227 1013 4304 Helena)
1051 4228 1206 4306 cognosci
1245 4229 1367 4292 chorus
