3112 4890
668 279 889 340 -ρῇ-

193 472 329 538 suntin
353 472 529 554 ephymnio
555 470 724 552 strophae,

404 557 425 639 οἷ
449 572 527 662 Ζήν,
552 568 637 646 Ἰοῦς
660 568 698 638 iai

404 687 499 770 μῆνις
522 674 674 765 μάστειρ’
698 679 733 745 ἐκ
756 685 855 748 θεῶν.

404 793 510 852 κοννῶ
534 785 648 854 δ’ἄοαν
671 792 813 869 γαμετᾶς

405 892 635 981 οὐρανόνικον.
661 895 811 975 χαλεποῦ
834 893 894 979 γὰρ
918 893 953 960 ἐκ

405 1001 594 1085 πνεύματος
620 995 682 1067 εἶσι
705 999 836 1083 χειμών,

191 1113 398 1196 continuant,
424 1113 481 1178 sed
506 1113 686 1194 stropham,
711 1130 776 1190 qua
800 1111 967 1176 Danaides
992 1130 1038 1193 se,
1063 1112 1092 1176 si
1108 1112 1207 1179 Jovis
1225 1113 1366 1178 Dianae-

190 1239 253 1299 que
277 1221 394 1285 auxilii
433 1228 589 1298 exportes
626 1226 791 1300 maneant,
828 1218 868 1284 ad
901 1219 1076 1284 Plutonem
1101 1238 1175 1284 sese
1201 1219 1365 1302 conferre,

191 1327 370 1406 suspendio
394 1328 497 1393 vitam
521 1326 686 1407 finientes,
713 1333 861 1391 coactum
886 1327 931 1390 iri
956 1325 1080 1391 dicunt.
1117 1315 1235 1392 ¹Simili
1260 1327 1366 1407 igitur

190 1434 285 1499 modo
310 1443 411 1515 atque
446 1442 523 1514 post
556 1434 695 1513 primam
731 1434 901 1511 stropham
934 1433 1148 1499 invocatione
1173 1434 1367 1500 intermissa

191 1548 368 1607 contextus
404 1542 644 1606 sententiarum
680 1541 886 1620 aliquantum
919 1541 1193 1620 interrumpitur3
1218 1540 1366 1607 sednon

190 1650 364 1729 turbatur;
389 1669 463 1715 nam
488 1648 682 1715 adverbium
705 1640 781 1709 τότε
799 1644 889 1732 (174)
913 1666 1008 1712 nemo
1025 1667 1090 1713 non
1107 1656 1220 1727 potest
1235 1648 1365 1714 referre

191 1755 231 1820 ad
256 1774 296 1821 ea
320 1774 405 1836 quae
429 1757 639 1838 ephymnium
665 1754 876 1820 antecedunt.
913 1757 958 1821 At
982 1756 1016 1821 in
1040 1756 1254 1834 antistropha
1275 1765 1365 1834 post·

191 1882 287 1944 quam
311 1863 435 1929 dictum
461 1870 515 1928 est
537 1864 667 1944 Jovem,
693 1863 722 1927 si
747 1880 863 1941 preces
880 1862 1049 1941 virginum
1074 1864 1282 1944 neglegeret,
1299 1883 1365 1928 non

189 1978 281 2035 recte
306 1969 472 2036 facturum
497 1988 584 2051 esse,
609 1969 763 2048 pergitur
789 1969 848 2050 „de
873 1988 999 2034 summo
1025 1971 1118 2034 caelo
1143 1978 1255 2035 autern
1283 1971 1365 2036 'andi

189 2095 250 2142 nos
273 2085 307 2142 te
343 2077 572 2160 invocantes“,
608 2095 715 2157 neque
750 2075 928 2157 quidquam
962 2085 1039 2154 post
1063 2095 1103 2141 ea
1126 2079 1229 2144 verba
1252 2079 1365 2156 aptius

191 2186 337 2263 cogitari
362 2192 474 2264 potest
498 2204 594 2264 qnam
619 2185 693 2263 ipsa
715 2184 896 2265 invocatio,
921 2202 1005 2264 quae
1021 2184 1171 2262 reposito
1186 2185 1363 2267 ephymnio

190 2293 353 2372 sequitur.
389 2292 507 2372 Itaque
525 2293 554 2356 si
576 2293 650 2371 quis
667 2292 772 2357 nihilo
790 2292 897 2356 minus
915 2292 1127 2373 ephymninm
1144 2292 1198 2357 hic
1215 2300 1364 2374 respuat,

190 2408 363 2479 praestare
399 2406 479 2479 puto
516 2417 634 2464 versus
672 2404 845 2464 168-173
882 2398 976 2479 quasi
1013 2398 1153 2477 epodum
1189 2408 1267 2479 post
1301 2406 1362 2465 181

189 2507 375 2574 transferre
411 2526 507 2586 quam
545 2505 591 2581 (id
627 2505 714 2585 quod
751 2507 907 2585 Hartung
940 2505 1035 2584 fecit)
1072 2515 1207 2573 servato
1249 2507 1365 2572 ordine

189 2613 355 2679 mesodnm
380 2613 469 2679 inter
493 2614 663 2693 stropham
689 2620 723 2678 et
747 2613 990 2691 antistropham
1015 2620 1174 2679 statuere.
1210 2614 1292 2679 Nam
1316 2615 1364 2680 in·

189 2722 290 2786 solita
314 2728 496 2803 structura,
521 2740 618 2800 quam
642 2739 743 2800 supra
767 2721 980 2802 exprobravi,
1006 2729 1098 2786 certe
1116 2722 1165 2786 ita
1181 2723 1364 2791 evanescit.

296 2829 464 2908 Sequatur
495 2847 584 2893 nunc
614 2828 755 2908 primum
785 2828 1004 2893 Eumenidum
1029 2829 1212 2894 stasimnm.
1260 2829 1364 2895 Cuius

190 2935 387 3014 compositio
411 2934 445 3000 in
469 2935 640 3000 codicibus
664 2954 703 3000 ea
727 2941 788 3016 est,
814 2942 851 2999 ut
885 2935 984 3014 primi
1019 2936 1112 3014 paris
1136 2942 1171 3000 et
1194 2936 1363 3015 stropham

189 3049 224 3107 et
240 3042 482 3121 antistropham
509 3042 718 3125 ephymnium
737 3050 907 3125 sequatur,
924 3043 1066 3109 alterius
1083 3043 1173 3108 inter
1193 3044 1362 3122 stropham

189 3157 224 3215 et
247 3150 489 3228 antistropham
515 3167 592 3228 pars
616 3151 833 3229 responsione
858 3167 975 3215 carens
1000 3151 1180 3216 interiecta
1204 3150 1248 3216 sit
1268 3151 1363 3216 item-

190 3275 252 3336 que
276 3256 382 3337 tertii‚
419 3264 572 3336 quartum
608 3257 740 3322 solitam
777 3258 938 3336 praebeat
972 3257 1109 3322 formam
1146 3259 1304 3338 strophae
1329 3267 1364 3325 et

189 3363 430 3446 antistrophae,
455 3365 542 3429 huno
566 3365 602 3429 in
625 3362 774 3428 modum:

616 3525 684 3594 Str.
710 3544 731 3586 α

669 3631 753 3711 Eph.
778 3651 799 3693 α

615 3740 693 3803 Ant.
719 3757 740 3799 α

669 3844 754 3922 Eph.
781 3864 811 3909 α.

616 3952 682 4017 Str.
706 3954 728 4032 β
