3112 4890
734 272 742 277 1-
793 238 835 298 m
884 268 925 279 -

228 432 404 497 editionem
431 431 658 513 Kirchhoffii)‚
676 433 726 497 ita
743 439 780 496 ut
796 431 1049 497 intervallorum
1067 448 1268 509 permagnae
1291 435 1404 508 partes

228 539 364 604 melicae
389 540 466 603 sint.
499 574 528 583 -
559 542 798 617 Argumentum
824 538 940 619 igitur,
964 536 1052 616 quod
1076 555 1116 600 ex
1141 536 1200 600 illa
1224 554 1261 600 rc
1287 544 1405 600 contra

227 647 475 725 responsionem
503 645 643 725 partium
658 647 725 724 det
738 646 755 719 ζ
769 652 868 724 atque
885 651 1103 724 systematum
1119 644 1134 707 l
1160 652 1193 707 et
1216 643 1242 706 V
1265 643 1404 724 petitur,

228 752 382 817 sufficere
421 771 487 817 non
523 752 667 817 videtur.
715 753 782 816 Nec
819 752 955 816 maioris
991 751 1148 815 momenti
1181 758 1242 829 est,
1273 750 1304 814 si
1328 751 1405 828 quis

228 858 312 924 dicit
347 861 376 925 si
412 868 559 940 systema
586 860 603 924 I
629 868 663 924 et
691 860 718 922 V
755 861 846 925 inter
880 877 916 923 se
956 857 1171 937 respondisse
1207 865 1403 937 statuamus,

228 966 408 1046 periculum
441 965 546 1031 fuisse
574 984 615 1030 ne
646 973 854 1046 spectatores
888 965 1062 1030 audientes
1091 971 1238 1044 systema
1262 963 1315 1028 ΠΙ
1340 965 1403 1028 iam

228 1071 343 1136 adesse
376 1079 524 1154 systema
551 1072 755 1152 respondens
788 1072 996 1153 systematil
1028 1068 1261 1154 (autisystema
1277 1067 1308 1154 Ι)
1334 1071 1404 1149 opi·

227 1187 398 1244 narentur.
446 1179 528 1243 Nam
552 1181 581 1244 si
606 1199 670 1243 nou
696 1187 829 1244 cantata
854 1186 931 1243 sunt
955 1179 1036 1242 haec
1060 1186 1246 1259 systemata
1269 1166 1404 1257 (de'qua

228 1303 266 1349 re
306 1283 481 1370 certatur),
521 1296 557 1352 at
596 1295 687 1351 certe
727 1294 944 1351 accesserunt
984 1286 1280 1351 instrumentorum
1319 1285 1404 1366 sont

232 1411 339 1471 neque
357 1392 456 1459 debet
473 1395 583 1473 putari
601 1402 700 1473 poeta
716 1395 869 1473 partibus
886 1394 975 1457 inter
992 1411 1028 1457 se
1044 1411 1110 1456 non
1126 1391 1406 1472 respondentibus

228 1499 361 1565 eosdem
398 1500 510 1565 modos
545 1500 716 1568 indidisse.
766 1504 814 1564 Ac
850 1518 889 1564 ne
926 1501 1070 1580 partium
1100 1502 1122 1580 β
1155 1507 1189 1564 et
1224 1498 1242 1571 ζ
1273 1499 1405 1578 quidem

228 1608 480 1687 responsionem
507 1609 590 1673 satis
627 1626 665 1671 eo
698 1607 887 1673 dissuaderi
911 1616 1001 1689 puto,
1037 1606 1125 1686 quod
1149 1614 1256 1672 metra
1280 1624 1405 1688 eorum,

229 1732 312 1794 quae
337 1713 464 1778 tradita
490 1722 577 1794 sunt,
602 1733 716 1792 parum
743 1715 833 1778 inter
864 1731 900 1776 se
933 1721 1132 1793 congruunt.
1179 1713 1261 1777 Nam
1285 1716 1408 1792 persp

227 1828 294 1885 tam
321 1828 479 1899 corrupta
503 1827 564 1902 est,
589 1827 626 1885 ut
650 1822 735 1886 nihil
760 1821 850 1885 obsit
875 1821 1058 1899 quomimus
1082 1838 1153 1884 eam
1176 1819 1218 1884 ad
1234 1821 1406 1885 metricam

228 1946 375 1992 normam
409 1928 515 2007 partis
541 1929 568 2008 ζ,
605 1946 689 2008 quae
726 1929 833 2006 magis
870 1928 998 1993 intacta
1033 1934 1085 1991 est
1097 1925 1130 2008 1),
1169 1927 1405 1992 emendandam

229 2052 302 2098 esse
333 2035 572 2116 existimemus,
603 2036 803 2113 praesertim
836 2054 908 2100 cum
940 2036 1066 2113 primus
1102 2035 1255 2114 partisd
1285 2052 1406 2100 versus

228 2141 395 2220 separatis
420 2143 460 2206 ab
485 2160 524 2206 eo
549 2142 661 2208 verbis
685 2144 745 2202 νῦν
769 2138 804 2203 δὲ
820 2139 950 2202 τελείαν
970 2139 1023 2224 (de
1042 2159 1105 2220 quo
1123 2140 1239 2223 supra)
1258 2142 1408 2222 vestigia

228 2247 386 2329 dactylici
411 2249 556 2330 rhythmi
582 2257 706 2329 servat,
731 2248 765 2312 in
788 2249 851 2312 fine
877 2267 949 2313 cum
973 2249 1037 2312 fine
1062 2267 1180 2314 versus
1206 2253 1290 2313 1547
1309 2249 1407 2327 plane

229 2363 393 2435 congruat
424 2348 480 2435 (δι’
511 2339 582 2434 αἷμ’
606 2350 750 2416 ἄνιπτον
773 2381 816 2410 :
836 2346 897 2416 ’ἐπ’
920 2345 1015 2437 α’νδρὶ
1038 2356 1145 2440 θείῳ),
1169 2374 1275 2435 nequa
1300 2357 1407 2421 minus

228 2481 346 2528 versus
384 2468 467 2528 1462
505 2482 578 2528 cum
613 2482 643 2529 v.
676 2469 759 2528 1549
796 2464 947 2541 exceptis
982 2464 1091 2527 initiis
1116 2458 1330 2548 ([εΊρίδματος
1352 2454 1407 2525 α’ν-

230 2562 304 2651 δρὸς
328 2564 415 2645 οἰζύς
439 2596 481 2625 :
507 2563 676 2655 [ἀλῃθείᾳ
706 2571 836 2651 φρενῶν
866 2565 1015 2652 πονήσει)
1026 2568 1063 2650 ²).
1111 2570 1229 2650 Itaque
1254 2572 1404 2650 quamvis

229 2676 365 2741 difficile
401 2680 447 2742 sit
479 2677 650 2759 iudicium,
690 2679 800 2742 malim
836 2678 896 2741 has
930 2697 1059 2756 quoque
1095 2687 1209 2756 partes
1245 2679 1334 2742 inter
1369 2696 1404 2741 se

228 2783 443 2862 respondero.
490 2786 604 2863 Neque
636 2794 746 2849 tamen
777 2802 914 2849 neccsse
946 2804 1019 2851 esse
1052 2794 1130 2863 puto
1163 2803 1247 2866 eum,
1285 2787 1339 2864 qui
1371 2783 1405 2849 id

228 2900 340 2972 negat,
367 2890 551 2957 Schmidtio
578 2891 822 2970 Aruoldtioque
852 2894 1027 2973 assentiri,
1064 2893 1119 2971 qui
1155 2901 1304 2972 systema
1320 2882 1354 2957 I'
1372 2902 1406 2957 et

230 3006 358 3077 partem
383 3001 405 3077 β
428 3000 644 3079 coniungunt,
670 3006 707 3063 ut
724 3018 821 3063 uuum
844 2999 993 3065 efficiant
1006 3007 1154 3081 systema
1170 3000 1256 3079 quod
1274 3006 1405 3080 vocant,

229 3108 375 3185 itemque
396 3116 555 3187 'systema
569 3107 597 3169 V
629 3115 663 3171 et
694 3115 822 3187 partem
848 3108 865 3182 ζ
890 3110 1003 3186 (atque
1028 3115 1174 3189 systema
1186 3107 1239 3172 ΠΙ
1263 3115 1297 3172 et
1320 3117 1407 3172 stro-

229 3215 325 3293 phem
342 3212 384 3296 δ),
415 3213 568 3278 commoti
599 3215 769 3279 artissimo
812 3214 901 3279 iuter
932 3233 971 3279 aa
999 3216 1240 3280 sententiarum
1270 3233 1407 3280 conexu.

216 3472 219 3477 Ι
338 3405 364 3476 1)
384 3408 519 3463 Fortasse
539 3409 600 3463 sola
621 3409 717 3462 Vossii
736 3410 896 3465 mutatione
916 3401 1074 3476 ἐπιτύμβιον
1095 3405 1174 3463 αἶνον
1187 3407 1233 3479 (ex
1253 3402 1409 3482 ἐπιτύμβιος

231 3493 328 3560 αἶνος),
347 3503 397 3551 aut
416 3498 524 3566 Weilii,
554 3499 603 3567 qui
630 3499 701 3552 nihil
721 3500 777 3551 nisi
798 3495 875 3557 αἶνος
893 3501 922 3553 in
943 3495 1022 3551 οἶνον
1042 3504 1140 3563 mutat,
1160 3518 1233 3569 opus
1253 3505 1305 3554 cst·
1344 3499 1408 3553 Non

230 3605 351 3642 neccsse
372 3593 425 3655 est,
445 3588 470 3640 si
490 3588 554 3657 quis
575 3605 624 3641 cos
646 3588 784 3657 sequitur,
804 3589 840 3653 de
854 3589 930 3642 iusta
943 3588 1137 3659 sollemnique
1151 3590 1281 3644 oratione
1295 3587 1409 3642 funebri

232 3667 370 3746 cogitare,
390 3677 421 3730 id
440 3678 518 3746 quod
537 3677 581 3730 his
602 3677 779 3731 coniecturis
799 3678 871 3732 vitio
892 3683 936 3732 est
955 3694 1077 3733 versum.

337 3763 365 3834 2)
386 3765 476 3820 Plane
506 3771 671 3835 congruunt
699 3785 726 3821 v.
747 3767 816 3819 1462
846 3772 874 3820 et
904 3767 982 3835 1549,
1009 3767 1032 3820 si
1059 3768 1204 3837 sequimur
1223 3768 1327 3821 Blassii
1348 3784 1410 3836 spe·

229 3857 337 3909 ciosam
368 3856 571 3923 coniecturam,
604 3857 651 3925 qui
684 3862 808 3910 mutans
829 3875 912 3910 unum
942 3858 1067 3912 litteram
1096 3857 1199 3911 scribit
1219 3843 1412 3931 tpldpcro⁵

231 3945 475 4009 (--vehomentcr
503 3946 629 4010 domans,
663 3946 729 4000 sehr
759 3943 950 4015 btindigerrd);
984 3948 1061 4016 quod
1090 3947 1205 4016 quidem
1239 3948 1410 4003 vocabulum

231 4033 301 4086 alibi
321 4051 380 4086 non
400 4034 556 4100 invenitur,
576 4035 628 4088 scd
647 4033 841 4104 Aeschyleum
862 4037 922 4090 eius
943 4036 1070 4090 colorem
1091 4043 1260 4105 cognoscet,
1284 4039 1332 4108 qui
1346 4056 1412 4091 con·

229 4121 303 4176 feret
327 4120 376 4175 Ch.
387 4123 439 4175 313
461 4123 595 4196 τριγέρων
614 4121 659 4191 (·-
680 4127 883 4196 pervetustus),
907 4123 986 4193 Sept.
1003 4126 1055 4178 976
1074 4127 1209 4197 τρίπαλτα
1226 4120 1343 4201 πήματα
1362 4125 1410 4194 (=

228 4217 274 4265 ter
293 4211 429 4278 vibratus,
450 4213 485 4266 de
506 4212 587 4265 malis
608 4211 879 4282 vehementissimis)
900 4219 955 4267 etc.
