3112 4890
669 273 879 343 ,γηΜ

190 478 207 551 ζ
231 495 361 556 quoque
386 476 490 540 inseri
514 475 685 552 possuntl:
710 465 777 555 πρὸ
802 471 837 534 δὲ
861 466 899 555 δὴ
922 468 1047 554 ’χθρῶν
1069 465 1129 534 τὸν
1152 469 1277 534 ἔσωθεν·
1307 491 1364 551 με·

189 579 333 666 λα’θρων,
357 581 468 663 Ζεῦῐ),
497 584 565 663 θές,
592 575 668 642 ἐπεί
693 601 746 642 νιν
774 583 879 657 μέγαν
911 574 992 661 ἄρας
1019 605 1062 635 z
1090 571 1128 641 σι)
1152 578 1187 642 δὲ
1219 582 1364 663 θαρσῶν,

190 683 269 752 ὅταν
303 681 366 776 ἥκῃ
400 693 499 771 μέρος
538 683 650 770 ἔργων,
686 680 833 757 ἐπαΰσας
869 679 995 768 πατρὸς
1027 682 1118 771 ἔργῳ.
1166 688 1212 752 Ec
1236 689 1308 753 exit
1331 689 1364 752 in

189 798 570 863 iambo-choriambicum
596 795 829 874 pentapodiam
855 830 948 862 ων
974 831 1011 838 -
1029 836 1114 861 W
1131 831 1169 839 -—
1192 832 1272 863 ψ·
1305 819 1364 874 -;

189 904 398 984 παλίμποινα
433 902 542 964 θέλων
576 895 719 984 οἷμείψεν
753 926 795 957 z
831 902 996 983 περαίνων
1037 896 1233 981 ἒπίμομμον
1272 896 1364 966 ἄταν,
1466 928 1469 936 ’

190 1013 275 1078 Sane
299 1030 378 1091 pers
403 1012 419 1086 ζ
443 1011 616 1089 eliquanto
640 1009 836 1087 productior
860 1016 911 1073 ost
935 1028 1031 1088 quam
1056 1028 1135 1087 pers
1160 1010 1189 1088 β,
1215 1009 1364 1074 sedeam

190 1118 426 1197 interpolatam
451 1135 525 1181 esse
551 1117 604 1182 vel
629 1117 795 1194 repetitae
820 1134 920 1181 voces
945 1111 1039 1197 ἔργον
1055 1126 1090 1180 et
1106 1111 1217 1200 πατήρ
1234 1116 1365 1181 demon·

190 1234 309 1290 strant.
349 1225 430 1290 Mihi
456 1224 587 1303 quidem
614 1222 710 1288 valde
727 1222 837 1302 placet
853 1223 940 1301 quod
959 1222 1142 1303 Wecklein,
1161 1224 1365 1288 coniecturis

191 1351 268 1396 usus
294 1333 431 1410 sugeri,
457 1332 589 1411 rimati,
614 1330 784 1394 Schuetzii
808 1330 929 1395 scribit

562 1447 600 1517 σύ
625 1453 660 1516 δὲ
683 1455 826 1536 θαρσῶν,
851 1446 931 1515 ὃταν
954 1445 1016 1538 ἥκῃ

562 1566 659 1642 μέρος
684 1557 794 1643 ἔργων,

564 1663 707 1739 ἐπαΰσας
732 1663 858 1750 πατρὸς
883 1660 988 1731 σίδαν

565 1780 733 1859 θρεομένα
756 1781 871 1838 τέκνον

563 1879 693 1966 πέραιν’
717 1878 955 1971 ἀνεπίμομφον
980 1879 1071 1948 ἄταν.

190 2009 260 2090 Qua
297 2011 330 2073 iu
366 2012 519 2086 speciosa
554 2009 784 2074 emendatione
821 2009 852 2074 id
893 2010 972 2074 mibi
1009 2011 1188 2088 praecipue
1227 2011 1361 2090 dignum

190 2115 324 2180 videtur
359 2115 444 2195 quod
481 2118 690 2195 observetur,
727 2116 812 2195 quod
849 2116 1042 2197 Wecklein,
1080 2135 1151 2181 cum
1188 2119 1367 2198 epbymnio

189 2223 397 2287 restituenda
436 2242 510 2287 esse
550 2222 728 2287 defendens
768 2223 812 2303 id,
854 2232 889 2288 ut
927 2224 1170 2301 responderent
1205 2225 1294 2289 inter
1329 2244 1365 2289 se

189 2329 327 2407 primum
352 2339 387 2394 et
409 2331 548 2394 tertium
584 2330 805 2410 eplrymnium
842 2331 975 2394 minime
1010 2332 1083 2395 sine
1113 2331 1210 2396 dubio
1236 2341 1365 2410 specta-

191 2438 288 2516 verit,
325 2445 435 2500 temen
470 2436 512 2500 ed
545 2454 613 2499 eam
651 2437 899 2514 responsionem
937 2437 1194 2518 quantovicus,
1219 2457 1255 2503 re
1281 2441 1365 2520 ipsa,

189 2554 241 2607 est
265 2543 395 2607 ductus.
767 2598 771 2610 .

296 2649 424 2730 Quibus
449 2649 488 2714 de
513 2649 624 2712 causis
649 2669 713 2714 non
738 2649 853 2713 dubito
879 2651 958 2729 quin
981 2660 1076 2715 recta
1101 2653 1147 2716 sit
1176 2652 1257 2715 haec
1293 2671 1365 2716 cur·

191 2757 286 2820 minis
311 2765 482 2823 structura

296 3345 322 3403 l)
343 3341 465 3397 Seidleri
486 3344 559 3397 levis
589 3345 707 3397 mutatio
739 3339 785 3397 τὸν
804 3341 911 3397 ἔσωθεν
929 3337 1090 3418 μελάθρων,
1110 3345 1168 3400 Ζεῦ
1187 3365 1220 3402 ex
1241 3345 1295 3400 ταῖν
1314 3347 1365 3400 ἑόω

189 3425 349 3504 μελάθρων,
370 3419 390 3482 ὦ
419 3430 477 3484 Ζεῦ
495 3433 562 3486 mihi
584 3434 747 3487 necessaria
766 3434 889 3500 videtur,
910 3452 973 3487 cum
993 3437 1035 3489 sic
1055 3436 1194 3492 facillime
1213 3444 1243 3490 et
1262 3456 1365 3491 sensus

191 3539 276 3574 serius
296 3521 345 3574 fiat
365 3515 424 3590 (τὸν
444 3540 477 3576 ex
497 3520 551 3574 των
569 3519 659 3589 sacto)
679 3528 708 3576 et
727 3529 856 3585 metrum,
884 3525 1025 3593 siquidem
1055 3527 1083 3580 in
1114 3527 1228 3580 traditis
1258 3528 1364 3605 verbis,

190 3612 300 3664 etiamsi
321 3613 484 3665 restituitur
505 3605 558 3679 τόν,
579 3617 688 3666 certum
717 3618 835 3667 metrum
864 3630 921 3667 non
942 3616 1135 3682 cogniscitur3
1164 3616 1241 3684 quod
1268 3621 1364 3668 autem

191 3699 380 3754 Wilamowitz
400 3700 462 3752 αἰαῖ
478 3719 530 3769 pro
551 3700 564 3753 ἓ
584 3698 600 3751 ἔ
616 3702 746 3755 scribens
766 3703 903 3771 proponit

190 4022 247 4056 non
268 4004 423 4059 verisimile
452 4009 532 4072 puto,
562 4021 625 4056 euin
655 4005 721 4074 quie
751 4005 916 4058 interiectio
946 4004 1007 4056 αἰαῖ
1033 4005 1128 4058 luctus
1148 4005 1194 4060 vol
1215 4005 1299 4059 fletus
1320 4025 1364 4060 cx-

190 4094 313 4161 primcns
333 4111 429 4162 parum
452 4094 496 4146 hir
516 4100 582 4161 epto
603 4099 656 4160 est,
677 4098 736 4147 tum
757 4095 824 4162 quia
844 4095 1002 4146 ionicorum
1021 4111 1037 4146 ο
1056 4095 1163 4149 truciore
1184 4112 1250 4147 usus
1271 4113 1364 4165 nequis

188 4182 263 4249 ομιαΙ
282 4181 456 4251 Aeschylum
486 4200 580 4253 neque
608 4183 683 4251 apml
712 4187 826 4236 eeteros
855 4183 979 4251 optiume
1005 4185 1109 4237 aetatis
1130 4190 1231 4252 poetas
1251 4185 1365 4239 videtur

190 4276 302 4326 exstare
321 4277 388 4340 (que
408 4272 442 4325 de
462 4290 492 4327 re
512 4273 579 4328 vide
598 4271 922 4342 Rossbach-westphal‚
943 4272 1047 4326 Metrrk
1067 4271 1131 4336 111³,
1149 4273 1175 4341 2,
1195 4274 1305 4342 pseu).
