3112 4890
652 250 869 319 ›lu-

177 449 387 516 invooatione
418 451 579 516 Mercurii
615 450 799 530 diremptae
823 452 899 518 sint.
948 453 1020 517 Non
1045 453 1129 517 idem
1154 453 1351 533 repetitioni

176 559 283 636 partis
306 559 329 638 β

308 658 373 729 ἒέ.

308 768 376 854 πρὸ
402 770 437 835 δὲ
461 767 499 857 δὴ
525 765 651 857 ’χθρῶν
674 767 733 836 τὸν
757 770 883 837 ἔσωθεν
906 770 1093 858 μελάθρων,
1118 777 1193 855 Ζεῦ,

309 866 377 944 θεῖς,
403 860 479 925 ἐπεί
501 885 553 925 μιν
577 867 681 943 μέγαν
704 860 795 946 ἄρας,

307 969 427 1048 δίδυμα
452 973 508 1032 καί
529 970 652 1053 τριπλᾶ
675 969 798 1050 παλίμ-

309 1098 412 1139 ποινα
434 1076 542 1140 θέλων
564 1070 705 1160 ἀμείψει

176 1210 266 1279 (post
289 1203 527 1282 antistropham
554 1205 706 1286 primam)
723 1205 808 1270 vitio
824 1212 936 1283 potest
952 1205 1052 1284 verti,
1077 1223 1149 1271 cum
1168 1206 1222 1269 hie
1243 1213 1348 1270 totum

175 1310 386 1388 stropharum
414 1330 475 1389 par
497 1311 703 1379 invocationi
726 1313 825 1376 tlevio
850 1311 995 1376 deditum
1022 1313 1077 1377 sit.
1115 1313 1249 1377 Dixerit
1273 1313 1349 1391 quis

175 1419 248 1481 iure
272 1427 403 1496 poetam
429 1419 614 1499 Apollinem
640 1420 692 1484 his
717 1420 865 1485 invocari
892 1418 1032 1484 fecisse:
1067 1421 1145 1498 quia
1182 1421 1222 1484 ab
1248 1420 1349 1497 Apol·

175 1525 242 1588 line
268 1525 407 1591 Orestes
431 1527 564 1592 caedem
589 1528 749 1606 perficere
774 1527 884 1592 iussus
902 1528 958 1606 sit,
975 1535 1102 1592 tantam
1120 1545 1201 1604 prae
1226 1527 1348 1592 ceteris
1428 1608 1430 1613 Ι

175 1630 247 1697 deis
271 1632 400 1698 laudem
426 1636 456 1698 ei
482 1634 522 1698 dc
546 1634 712 1699 industria
736 1634 851 1699 tribui.
891 1634 954 1698 Sed
980 1635 1057 1699 huic
1082 1635 1132 1698 rei
1158 1634 1258 1699 ullam
1281 1635 1348 1700 vim

174 1739 284 1803 inesse
320 1758 423 1822 nego,
459 1761 530 1806 cum
563 1760 601 1806 eo
628 1741 797 1821 Apollinis
829 1742 999 1806 invocatio
1031 1760 1111 1819 prae
1136 1742 1259 1806 ceteris
1283 1760 1348 1806 non

174 1847 280 1911 minus
316 1847 475 1913 distincta
511 1867 584 1913 esse
619 1848 783 1928 videatur,
820 1847 908 1926 quod
943 1848 1161 1914 excellentem
1205 1849 1239 1912 in
1275 1856 1347 1913 toto

173 1956 319 2019 carmine
354 1955 460 2019 locum
506 1965 615 2036 tenet,
652 1956 806 2036 madium,
843 1956 1088 2034 antistrophica
1131 1955 1347 2034 responsione

173 2064 303 2127 omnino
329 2069 508 2128 carentem.

279 2170 342 2235 Sed
368 2178 508 2235 conatur
533 2171 754 2236 Wilamowitz
779 2178 1008 2251 argumentum
1026 2171 1157 2250 afferre,
1175 2188 1239 2248 quo
1257 2189 1344 2234 com·

174 2279 333 2355 purohetur
356 2278 532 2358 ephymnia
557 2280 588 2342 in
614 2279 675 2342 hoc
700 2280 845 2342 carmine
869 2278 984 2342 deesse
1010 2297 1072 2342 non
1098 2295 1205 2355 posse.
1258 2277 1347 2341 llicit

173 2386 256 2448 oraim
284 2384 443 2451 adverbia
466 2386 665 2463 temporalia
688 2379 761 2446 τότε
785 2380 845 2469 ἤδη
870 2385 959 2450 initii
983 2385 1107 2449 tertiae
1132 2385 1289 2462 strophae
1304 2384 1347 2463 (ε)

173 2495 204 2556 in
231 2494 443 2572 antistropha
466 2493 611 2557 secunda
628 2495 673 2569 (pl
697 2512 761 2556 non
787 2493 910 2557 hahere
935 2511 998 2571 quo
1024 2491 1216 2557 referantur
1239 2509 1346 2568 neque

172 2599 325 2677 intellegi
358 2600 421 2664 nisi
454 2601 600 2679 repetita
625 2608 720 2679 parte
752 2599 779 2680 δ,
805 2601 838 2664 iu
864 2618 928 2678 qua
952 2598 1112 2663 eiusmodi
1137 2607 1267 2676 tempus
1291 2616 1346 2663 ex·

170 2821 264 2866 turneu
285 2814 416 2880 recurrit,
435 2815 608 2884 simulatque
622 2816 658 2868 de
670 2814 728 2868 alio
750 2815 849 2882 aliquo
870 2814 924 2866 deo
947 2813 1099 2881 cogitatur.
1138 2809 1195 2865 Sed
1216 2829 1288 2880 <puae
1301 2828 1346 2864 er-

171 2905 277 2972 plunat,
305 2905 371 2957 mihi
398 2905 571 2973 persuadere
595 2922 652 2958 non
679 2909 845 2972 potuerunt.
896 2902 966 2956 Nam
985 2902 1063 2971 quod
1083 2901 1163 2967 dicit,
1184 2917 1345 2969 quanquam

170 2992 277 3062 Apollo
306 2995 330 3046 is
360 2995 406 3059 sit,
435 2995 482 3062 qud
514 2994 644 3048 Orestem
673 2995 708 3047 ad
729 2994 845 3047 caedem
873 2991 1055 3061 corrrpulerit.
1081 2990 1117 3044 ub
1136 2990 1228 3059 ipsius
1249 2989 1345 3041 caedis

168 3074 270 3154 μύσους
299 3089 393 3136 tarnem
423 3101 485 3137 enirn
514 3085 614 3149 arceri,
643 3083 798 3137 dolendum
818 3088 862 3137 est
883 3081 959 3150 quod
979 3097 1040 3134 earn
1060 3097 1118 3133 rem
1138 3078 1345 3149 pronuntiavit,

168 3190 225 3224 non
246 3171 434 3226 confirmavit.
468 3173 636 3240 Nonuidco,
648 3190 698 3225 cur
715 3172 850 3240 Juppiter
869 3176 898 3224 et
911 3169 1068 3224 Mercurius
1087 3161 1168 3240 μύσει
1188 3167 1284 3221 caedis
1305 3168 1345 3219 in-

169 3263 278 3331 quinari
299 3263 456 3330 potuerint,
467 3261 574 3330 Apollo
586 3280 643 3316 uon
664 3262 800 3330 potuerit,
820 3260 987 3330 praesertim
1008 3276 1072 3312 cum
1085 3258 1160 3326 apud
1171 3254 1344 3325 Sophoclem

169 3371 284 3422 «quoque
316 3353 432 3422 Apollo,
465 3358 496 3405 ut
524 3351 630 3405 auxilio
664 3351 742 3405 iuvet
776 3350 906 3404 Orestem
938 3344 1344 3417 propositumperficientem,

170 3444 321 3497 invocetur
350 3439 397 3510 (ab
427 3442 549 3507 Electra,
571 3437 768 3509 v.1376sqq.).
805 3438 901 3508 Atque
921 3455 1014 3492 errare
1034 3436 1102 3490 urrihi
1121 3436 1237 3491 videtur
1255 3434 1344 3487 Wila·

171 3533 291 3596 aaronita,
322 3533 345 3585 si
379 3532 450 3585 dicit
483 3525 596 3603 στόμιον
624 3530 728 3584 ceteris
760 3527 931 3597 Aeschyleis
963 3527 1036 3580 locis
1061 3543 1125 3580 esse
1144 3524 1266 3585 frenum,
1285 3542 1343 3577 uon

170 3623 283 3675 ostium.
310 3621 378 3674 Nam
399 3622 427 3674 in
448 3620 607 3690 fragmento
629 3620 679 3673 185
699 3618 878 3684 (Wecklein3
897 3617 1041 3670 Hermann
1055 3612 1118 3680 195)
1138 3613 1211 3667 illud
1230 3612 1343 3681 quidem

79 3709 81 3714 ’
170 3729 234 3764 esse
254 3729 311 3764 nou
333 3716 438 3779 potest.
472 3711 571 3778 Neque
591 3726 664 3778 (purae
684 3715 831 3778 praeterea
850 3704 933 3760 affert
952 3705 1022 3759 satis
1043 3704 1140 3758 valent
1160 3707 1260 3755 contra
1280 3701 1343 3766 hoc,

170 3819 226 3871 qum
246 3819 308 3855 mea
327 3800 442 3869 quidem
463 3801 608 3852 sententia
628 3798 780 3850 discrimen
802 3795 885 3848 huius
899 3794 1077 3864 quaestionis
1091 3792 1270 3846 continetur:
1285 3807 1342 3843 non

169 3893 300 3959 potuisse
326 3897 395 3959 puto
421 3909 438 3943 a
466 3889 565 3954 choro,
594 3889 617 3940 si
648 3887 731 3940 modo
751 3905 768 3941 a
788 3886 850 3938 deis
868 3883 1003 3937 auxilium
1024 3879 1204 3950 implorabat,
1224 3897 1281 3933 non
1302 3880 1343 3932 in-

170 3983 265 4035 vocari
287 3998 349 4035 eum
370 3981 462 4040 deuia,
482 3979 563 4032 cuins
583 3978 611 4031 in
632 3978 710 4030 iusso
731 3975 913 4044 exsequendo
934 3978 996 4026 tota
1009 3972 1079 4026 haec
1094 3970 1190 4025 fabula
1203 3974 1343 4023 versetur.

171 4072 240 4125 Num
267 4072 420 4124 erudierunt
449 4070 604 4122 choreuma
633 4065 763 4120 Orestem
791 4069 821 4117 ct
841 4063 911 4131 ipsis
931 4067 961 4114 et
981 4061 1072 4115 sorori
1093 4063 1285 4128 exponentem
1305 4071 1343 4125 tv.

170 4159 322 4225 acet-295)
342 4177 373 4212 sc.
393 4160 469 4228 cpuod
490 4158 517 4211 in
538 4157 633 4211 uuiruo
650 4154 769 4210 haberet
790 4151 884 4206 facere
903 4149 1050 4219 Apollinis
1071 4148 1204 4218 Delphici
1225 4147 1341 4200 oruetrlo

170 4269 234 4305 ease
254 4252 370 4304 iurssum.
