3112 4890
637 253 930 326 .-·¹4-·

233 446 357 509 iussum
383 445 611 525 perficeretur,
636 444 859 523 respondisse,
885 443 941 507 sed
976 443 1126 521 potuisse
1157 443 1292 506 chorum
1323 442 1408 518 ipsis

233 553 357 631 verbis,
384 553 503 631 quibus
540 553 690 632 iuberet,
720 553 812 615 iussa
846 558 1030 628 praestare.
1079 549 1141 615 Sed
1167 567 1268 613 causa
1292 548 1332 611 ad
1357 566 1408 612 re-

233 658 404 722 futandam
439 659 640 725 Weckleinii
677 661 876 724 sententiam
914 667 1168 737 ceterorumque
1198 658 1302 722 allata
1326 658 1408 721 mihi

234 766 317 829 satis
358 783 432 829 esse
471 785 534 829 non
576 766 719 831 videtur.
781 766 862 829 Nam
904 774 1137 844 praeterquam
1177 764 1263 843 quod
1303 764 1408 828 solius

234 873 413 952 coryphaei
445 881 576 937 cantum
602 875 751 953 respicit,
783 873 993 951 cogitandum
1025 881 1076 937 est
1104 872 1204 936 etiam
1231 890 1292 949 per
1325 871 1408 935 alias

232 988 346 1056 partes
371 979 569 1060 fabularum,
595 989 631 1045 ut
655 1000 717 1058 per
742 980 892 1056 dialogos
917 999 1000 1058 quos
1024 981 1147 1044 habent
1171 987 1303 1043 actores
1319 978 1409 1042 inter

233 1104 279 1160 se,
315 1093 373 1149 aut
408 1094 540 1150 actores
578 1107 648 1151 cum
686 1088 883 1167 coryphaeo,
921 1088 1056 1151 chorum
1087 1084 1283 1167 „oscitari“,
1307 1084 1408 1163 pedes

233 1200 342 1257 autem
368 1213 549 1272 manusque
573 1214 649 1258 num
675 1195 720 1258 ibi
747 1195 901 1275 moverit,
927 1194 959 1257 id
985 1202 1037 1258 est
1061 1194 1249 1274 saltaverit,
1274 1193 1407 1255 minime

232 1300 440 1378 exploratum
465 1320 548 1366 esse.
590 1302 653 1367 Sed
678 1302 810 1365 omnino
835 1301 1073 1379 probabilitate
1098 1318 1213 1365 carere
1238 1308 1317 1376 puto
1336 1317 1408 1363 eam

232 1408 431 1472 sententiam
456 1411 598 1487 primum
615 1417 754 1488 propter
770 1409 906 1473 formam
925 1409 1031 1473 totius
1047 1408 1182 1487 parodi:
1207 1414 1245 1471 ut
1268 1407 1408 1484 primam

233 1515 304 1578 eius
328 1523 456 1593 partem
492 1536 511 1580 a
551 1519 738 1597 coryphaeo
774 1517 1022 1594 pronuntiatam
1059 1523 1196 1594 certum,
1228 1515 1408 1577 tertiama

232 1629 304 1687 toto
342 1623 443 1686 choro
480 1631 644 1687 cantatam
684 1624 960 1687 verisimillimum
997 1631 1058 1703 est,
1097 1624 1145 1686 ita
1175 1621 1272 1686 valde
1296 1628 1406 1698 aptum

232 1728 366 1794 videtur
391 1737 540 1795 statuere
565 1730 650 1793 hanc
674 1729 814 1794 mediam
839 1738 967 1807 partem
993 1731 1033 1792 ab
1063 1730 1132 1792 illis
1149 1748 1244 1807 quam
1267 1729 1407 1792 maxime

234 1835 398 1901 diversam
417 1837 518 1900 aliter
542 1843 642 1915 atque
660 1836 736 1900 illas
753 1855 827 1900 esse
845 1837 1103 1914 pronuntiatam.
1140 1834 1269 1898 Deinde
1286 1842 1407 1913 autem,

233 1943 420 2021 ubicunque
446 1944 662 2008 inveniuntur
686 1944 862 2023 ephymnia
886 1943 919 2006 in
945 1943 1146 2006 carminibus
1172 1941 1316 2005 choricis
1340 1947 1406 2003 tam

234 2051 381 2127 antiquis
406 2050 623 2131 temporibus
641 2052 760 2128 quibus
779 2045 929 2127 poemata
947 2051 1129 2113 etiamtunc
1146 2047 1408 2112 conficiebantur

233 2157 340 2234 magis
364 2164 401 2220 ut
426 2156 703 2237 decimarentur,
721 2165 932 2236 canerentur,
950 2156 1129 2222 ederentur
1146 2175 1240 2234 quam
1259 2161 1296 2218 ut
1317 2155 1407 2233 lege-

232 2270 360 2343 rentur,
386 2271 485 2341 atque
511 2265 631 2342 quibus
655 2264 838 2329 servandae
864 2283 935 2328 cum
959 2265 1097 2341 antiquo
1129 2281 1219 2326 more
1250 2263 1413 2340 antiquae

233 2370 370 2434 canendi
395 2371 536 2435 rationis
559 2370 701 2437 facultas
726 2379 809 2452 erat,
834 2371 919 2435 hanc
943 2371 1171 2448 retinebimua
1197 2369 1304 2448 quoad
1331 2370 1405 2447 quis

234 2495 304 2540 eam
329 2478 427 2555 plane
452 2497 471 2541 a
495 2479 569 2541 loco
601 2479 785 2543 abhorrere
817 2479 913 2544 nobis
938 2477 1236 2554 demonstraverit3
1262 2476 1294 2540 id
1320 2475 1406 2555 quod

234 2585 290 2647 vix
308 2584 361 2648 hic
378 2584 556 2649 timendum
576 2594 636 2650 est.
672 2586 832 2664 Equidem
848 2586 1067 2664 Weckleinio,
1086 2583 1210 2664 Muffio,
1228 2583 1406 2647 Arnoldtio

233 2691 391 2755 assentiri
425 2693 479 2756 hic
512 2711 576 2755 non
609 2692 735 2756 dubito.
783 2693 853 2756 Eos
878 2692 964 2756 enim
990 2693 1044 2770 qui
1071 2691 1244 2755 succinant
1269 2689 1405 2754 eundem

235 2816 366 2875 semper
391 2798 526 2862 chorum
552 2799 741 2863 universum
768 2818 842 2863 esse
932 2818 996 2863 non
1022 2799 1179 2875 deinceps
1209 2806 1281 2862 tres
1314 2797 1406 2860 chori

235 2904 379 2984 ordines,
415 2917 452 2968 ut
489 2907 655 2969 Hermann
691 2907 765 2972 vult
796 2943 836 2950 —
862 2925 902 2969 ex
927 2907 1084 2984 analogia
1109 2904 1270 2969 concludo
1295 2911 1406 2968 canta·

234 3019 341 3075 tarum
376 3014 416 3075 ab
454 3032 517 3076 uno
554 3013 733 3091 eodemque
769 3011 837 3095 (vel
871 3015 946 3077 unis
989 3009 1194 3095 eisdemque)
1236 3011 1405 3090 strophae,

234 3119 472 3199 antistrophae,
509 3120 617 3198 epodi.
664 3121 845 3185 Praestare
882 3128 992 3185 autem
1028 3129 1065 3184 ut
1101 3120 1231 3183 credam
1257 3127 1405 3183 statuere

235 3227 424 3291 cantavisse
464 3228 523 3290 has
563 3228 786 3307 coryphaeum
825 3231 931 3291 solnm
965 3247 1066 3306 quam
1115 3229 1271 3290 maiorem
1313 3225 1406 3288 chori

234 3341 362 3409 partem
397 3333 543 3397 adducor
578 3353 617 3397 eo
655 3335 740 3414 quod
768 3336 946 3416 nescimus,
971 3354 1010 3398 ex
1036 3336 1230 3413 quibusnam
1256 3335 1349 3410 (quot
1373 3339 1407 3394 et

235 3440 398 3517 qualibus)
436 3442 607 3506 choreutis
643 3461 682 3506 33
717 3461 795 3520 pars
832 3452 986 3506 constare
1022 3442 1181 3519 potuerit,
1219 3440 1284 3502 nisi
1317 3439 1405 3503 forte

235 3547 415 3628 Hermanni
450 3548 547 3612 nimis
584 3548 795 3613 artificiosam
833 3549 1102 3614 distributionem
1137 3548 1323 3628 probamus,
1350 3547 1407 3624 qui

205 3689 208 3697 ·
234 3655 334 3717 trium
362 3655 453 3718 chori
479 3656 628 3719 ordinum
655 3674 728 3736 eos,
760 3657 814 3733 qui
840 3654 980 3719 medium
1007 3656 1112 3719 locum
1138 3661 1284 3733 teneant,
1310 3653 1408 3716 simul

236 3779 291 3824 eas
332 3780 451 3825 canere
491 3764 671 3827 existimat.
720 3764 843 3827 Contra
879 3770 913 3826 et
951 3764 1091 3827 metrica
1129 3762 1236 3824 forma
1275 3762 1406 3835 (versus

235 3867 406 3944 longiores
443 3870 580 3933 maxime
618 3868 791 3953 dactylici)
830 3878 864 3934 et
898 3870 980 3933 facti
1014 3869 1163 3933 narratio
1201 3869 1406 3946 aliquantum

235 3975 359 4038 rationi
392 3976 477 4052 epici
510 3979 666 4040 carminis
697 3978 824 4041 similes
855 3986 947 4057 sunt,
981 3986 1018 4040 ut
1042 3975 1253 4039 Homericum
1277 3974 1406 4038 modum

235 4082 473 4159 pronuntiandi
509 4083 603 4161 epica
638 4085 795 4164 carmina,
832 4103 915 4162 quae
948 4084 1019 4147 illis
1052 4083 1295 4160 antiquissimis
1325 4090 1406 4146 tem·

236 4190 372 4266 poribus
407 4190 448 4252 ab
485 4176 548 4253 uno
586 4198 722 4255 cantore
759 4192 886 4257 cantari
919 4192 1082 4272 solebant,
1114 4190 1170 4254 hic
1193 4189 1406 4254 introducere
