3112 4890
775 244 814 310 aa
865 283 904 291 -

421 433 458 500 td
481 442 523 518 γᾶ
547 441 596 522 γᾶ,
622 437 705 503 εἶδε·
719 432 866 524 μ’ἐδέξω,

420 547 502 628 πρὶν
524 539 615 610 τόνδ’
638 544 765 611 ἐπιδεῖν
788 542 1021 633 άργοροτοίχοο

419 654 545 737 δροίτης
568 659 748 734 κατέχοντα
771 652 946 740 χαμεδνην.

418 764 466 832 τίς
490 756 508 823 δ
531 758 659 844 θάψων
682 785 749 844 νιν;
773 766 822 834 τίς
845 757 862 824 ὁ
887 759 1074 850 {leporinum

418 858 439 951 ἢ
461 863 499 932 σε)
523 863 592 932 τάδ’
616 867 708 954 ἔρξαι
730 866 840 958 τληση,
865 867 1007 934 κτείνασ’

415 973 520 1061 ἄνδρα
543 973 602 1040 τὸν
627 973 725 1062 αὐτῆς
748 971 963 1042 άποκωκῦσαι

412 1088 502 1171 ψυχῇ
525 1080 673 1168 τ’ἅχαριν
697 1082 796 1171 χάριν
818 1077 891 1150 άντ’
916 1082 1017 1171 ἔργων

410 1189 558 1271 μεγάλων
582 1187 697 1264 άδίκως
721 1190 913 1278 ἐπικρᾶναι;

513 1302 560 1371 τίς
584 1293 614 1362 δ’
615 1295 807 1381 ἐπιτύμβιος
830 1290 920 1371 αἶνος
943 1295 997 1363 ἐπ’
1021 1293 1118 1386 άνδρὶ
1140 1306 1223 1388 θείῳ

410 1401 470 1468 odo
495 1404 647 1488 δακρύοις
669 1403 797 1471 ἰάπτων

409 1504 551 1598 άληδείᾳ
575 1518 702 1596 φρενῶν
726 1510 880 1599 πονήσει;

202 1621 300 1684 anxie
325 1622 574 1705 (lacerantibus,
600 1623 747 1702 quisnam
772 1642 885 1703 regem
912 1625 977 1688 rite
1001 1631 1102 1689 terra
1120 1625 1316 1691 conditurus
1344 1635 1379 1692 et

201 1728 397 1804 plancturus
422 1730 477 1807 sit,
496 1730 741 1819 Clytaemestra
765 1733 1009 1796 contumaciter
1032 1732 1224 1811 respondet,
1249 1751 1289 1797 ne
1314 1735 1376 1816 rei,

198 1852 281 1911 qnae
306 1834 347 1898 ad
373 1837 464 1914 ipsos
481 1837 567 1901 nihil
585 1839 762 1916 pertineat,
782 1857 894 1904 curam
912 1839 1075 1923 habeant;
1100 1857 1136 1903 se
1161 1841 1267 1918 ipsam
1290 1841 1376 1919 quod

198 1960 280 2019 opus
304 1943 351 2008 sit
374 1942 538 2009 iacturam
563 1946 635 2009 sine
661 1946 811 2011 lacrimis
836 1947 1141 2031 contubernalium
1165 1947 1375 2026 Iphigeniam

198 2048 357 2114 videlicet
392 2060 520 2129 patrem
558 2052 644 2130 apud
680 2052 806 2117 inferos
842 2054 963 2117 laetam
999 2062 1210 2132 accepturam
1243 2073 1317 2119 esse
1343 2062 1377 2119 et

196 2157 431 2234 amplexuram.
480 2159 624 2224 Eaedem
658 2170 767 2225 autem
792 2169 907 2238 partes
936 2161 965 2225 si
989 2169 1066 2238 post
1090 2161 1332 2239 antistropham
1358 2181 1375 2223 ε

197 2265 291 2340 quasi
328 2266 541 2346 ephyrnnium
571 2275 785 2348 repetuntur,
822 2269 969 2346 ineptum
1007 2276 1069 2348 est,
1096 2268 1183 2347 quod
1208 2269 1373 2334 chornsa

195 2371 314 2449 regina
350 2373 444 2436 modo
481 2375 608 2438 vetitus
643 2383 754 2438 tamen
797 2375 917 2439 iterum
953 2374 993 2438 de
1037 2374 1229 2454 sepeliendo
1273 2384 1373 2454 atque

196 2480 382 2560 plangendo
416 2483 661 2560 Agamemnone
693 2482 843 2560 quaerit3
882 2476 1041 2562 ineptias,
1077 2481 1163 2560 quod
1199 2501 1218 2545 a
1250 2484 1373 2562 regina

194 2587 416 2666 respondente
449 2587 481 2651 id
517 2589 648 2652 omnino
672 2589 884 2668 neglegitur,
910 2607 981 2653 cum
1008 2606 1048 2651 ex
1072 2589 1186 2666 priore
1210 2607 1371 2668 responso

195 2696 268 2758 inre
308 2701 537 2774 exspectemus
573 2694 645 2759 fore
682 2702 719 2759 ut
754 2692 969 2762 veliementer
1009 2703 1148 2773 propter
1194 2697 1372 2773 repetitam

197 2811 313 2865 contra
338 2803 444 2881 ipsius
461 2803 667 2868 voluntatem
684 2803 985 2882 interrogationem
1001 2801 1180 2884 irascatur,
1206 2822 1277 2867 cum
1300 2821 1369 2866 eam

194 2916 293 2973 antea
326 2917 393 2974 tam
430 2910 583 2988 graviter
620 2911 858 2988 castigaverit;
906 2909 1160 2988 ineptissimum,
1209 2909 1295 2987 qnod
1331 2928 1371 2973 ea

193 3016 305 3096 pergit
339 3036 426 3081 nunc
460 3024 588 3082 rectum
629 3017 829 3100 vaticinium
867 3017 1003 3080 chorum
1050 3015 1322 3094 pronuntiavisse
1335 3011 1369 3099 ¹).

194 3121 282 3203 Quas
307 3123 507 3188 ostensiones
530 3129 640 3188 tamen
666 3124 889 3190 Wilamowitz
915 3123 1049 3188 videtur
1073 3140 1111 3185 eo
1137 3123 1257 3203 vitare,
1282 3123 1368 3202 quod

192 3230 447 3310 antisystemata
461 3230 508 3295 VI
539 3231 688 3310 reginam
711 3239 838 3296 mutato
859 3231 960 3294 animi
983 3229 1121 3294 consilio
1135 3229 1175 3293 ad
1189 3221 1367 3308 repetitam

193 3336 231 3401 de
268 3337 457 3415 sepeliendo
486 3328 740 3417 plangendoque
782 3355 863 3416 rege
900 3337 1128 3416 quaestionem
1163 3336 1366 3414 respondere

192 3453 297 3522 putat.
347 3446 459 3510 Vertit
483 3446 569 3509 enim
595 3447 718 3524 primos
743 3446 815 3510 eius
840 3463 972 3511 versus:
1003 3497 1005 3500 .

371 3553 492 3632 ,Diese
516 3554 686 3634 Mahnung
709 3556 785 3617 kam
811 3571 870 3617 aus
894 3561 1022 3617 tranem
1046 3552 1189 3616 Herzen.

368 3661 427 3725 Ich
452 3661 655 3739 verspreche
679 3661 783 3725 selbst
807 3659 903 3724 dafiir
929 3679 969 3723 zu
994 3658 1145 3738 sorgen.“

191 3766 254 3831 Sed
294 3786 357 3846 quo
408 3769 481 3832 iure
521 3786 571 3849 ea,
618 3786 701 3846 quae
741 3767 913 3848 ephymnio
954 3772 1177 3843 exponuntur,
1223 3760 1364 3847 κνησμός

297 3959 324 4029 1)
344 3962 438 4017 Probo
469 3961 544 4016 enim
574 3959 690 4016 Canteri
720 3961 914 4014 coniecturam
945 3956 1024 4029 ἐνέβη
1052 3960 1081 4012 in
1111 3955 1205 4030 ἐνέβης
1224 3960 1361 4012 mutantis

189 4049 290 4120 (1566).
328 4049 385 4106 Sed
406 4053 491 4105 etiam
511 4053 534 4105 si
555 4049 757 4104 Canaubonum
776 4065 935 4118 sequamur,
956 4050 1002 4118 qui
1028 4041 1156 4122 χρησμόν
1181 4050 1209 4102 in
1237 4041 1361 4120 χρησμός

188 4145 287 4209 mutat,
308 4143 384 4210 (prod
403 4147 497 4194 tamen
526 4147 645 4210 propter
672 4140 756 4192 niuniu
784 4139 890 4191 nudum
911 4131 1036 4210 χρησμός
1055 4139 1148 4192 minus
1167 4138 1273 4206 placet,
1292 4137 1361 4191 illae

188 4229 363 4284 offensiones
382 4235 523 4283 maneant.
