<?xml version="1.0" encoding="UTF-8"?>
<!DOCTYPE html PUBLIC "-//W3C//DTD XHTML 1.0 Transitional//EN"
    "http://www.w3.org/TR/xhtml1/DTD/xhtml1-transitional.dtd">
<html xmlns="http://www.w3.org/1999/xhtml" xml:lang="en" lang="en">
 <head>
  <title>
</title>
<meta http-equiv="Content-Type" content="text/html;charset=utf-8" />
  <meta name='ocr-system' content='tesseract 3.04.00' />
  <meta name='ocr-capabilities' content='ocr_page ocr_carea ocr_par ocr_line ocrx_word'/>
</head>
<body>
  <div class='ocr_page' id='page_1' title='image "./deephymniorumap00schwgoog_0035.png"; bbox 0 0 3112 4890; ppageno 0'>
   <div class='ocr_carea' id='block_1_1' title="bbox 663 249 881 306">
    <p class='ocr_par' dir='ltr' id='par_1_1' title="bbox 663 249 881 306">
     <span class='ocr_line' id='line_1_1' title="bbox 663 249 881 306; baseline 0 -20"><span class='ocrx_word' id='word_1_1' title='bbox 663 249 881 306; x_wconf 64' lang='lat'>„30-</span> 
     </span>
    </p>
   </div>
   <div class='ocr_carea' id='block_1_2' title="bbox 186 420 1440 1699">
    <p class='ocr_par' dir='ltr' id='par_1_2' title="bbox 187 420 1440 1376">
     <span class='ocr_line' id='line_1_2' title="bbox 188 420 1440 504; baseline -0.001 -21"><span class='ocrx_word' id='word_1_2' title='bbox 188 420 362 498; x_wconf 84' lang='lat' dir='ltr'>quinquies</span> <span class='ocrx_word' id='word_1_3' title='bbox 395 421 538 500; x_wconf 86' lang='lat' dir='ltr'>singulis</span> <span class='ocrx_word' id='word_1_4' title='bbox 571 420 742 501; x_wconf 76' lang='lat' dir='ltr'>versibus,</span> <span class='ocrx_word' id='word_1_5' title='bbox 772 440 854 500; x_wconf 87' lang='lat' dir='ltr'>quos</span> <span class='ocrx_word' id='word_1_6' title='bbox 884 421 970 484; x_wconf 90' lang='lat' dir='ltr'>alios</span> <span class='ocrx_word' id='word_1_7' title='bbox 995 440 1035 484; x_wconf 81' lang='lat' dir='ltr'>ex</span> <span class='ocrx_word' id='word_1_8' title='bbox 1060 421 1137 485; x_wconf 86' lang='lat' dir='ltr'>aliis</span> <span class='ocrx_word' id='word_1_9' title='bbox 1163 421 1362 501; x_wconf 72' lang='lat' dir='ltr'>Aeschyleis</span> <span class='ocrx_word' id='word_1_10' title='bbox 1431 491 1440 504; x_wconf 41' lang='grc' dir='ltr'><em>Ι</em></span> 
     </span>
     <span class='ocr_line' id='line_1_3' title="bbox 187 526 1363 607; baseline 0.001 -18"><span class='ocrx_word' id='word_1_11' title='bbox 187 527 310 590; x_wconf 87' lang='lat' dir='ltr'>fabulis</span> <span class='ocrx_word' id='word_1_12' title='bbox 346 527 386 591; x_wconf 88' lang='lat' dir='ltr'>ad</span> <span class='ocrx_word' id='word_1_13' title='bbox 423 526 593 591; x_wconf 81' lang='lat' dir='ltr'>libidinem</span> <span class='ocrx_word' id='word_1_14' title='bbox 631 528 747 607; x_wconf 85' lang='lat' dir='ltr'>elegit,</span> <span class='ocrx_word' id='word_1_15' title='bbox 785 527 965 605; x_wconf 77' lang='lat' dir='ltr'>Euripides</span> <span class='ocrx_word' id='word_1_16' title='bbox 1001 527 1104 607; x_wconf 82' lang='lat' dir='ltr'>addit,</span> <span class='ocrx_word' id='word_1_17' title='bbox 1141 547 1179 590; x_wconf 93' lang='lat' dir='ltr'>eo</span> <span class='ocrx_word' id='word_1_18' title='bbox 1204 527 1299 591; x_wconf 91' lang='lat' dir='ltr'>modo</span> <span class='ocrx_word' id='word_1_19' title='bbox 1326 533 1363 590; x_wconf 85' lang='lat' dir='ltr'>ut</span> 
     </span>
     <span class='ocr_line' id='line_1_4' title="bbox 188 634 1362 711; baseline 0.002 -17"><span class='ocrx_word' id='word_1_20' title='bbox 188 635 293 711; x_wconf 88' lang='lat' dir='ltr'>primo</span> <span class='ocrx_word' id='word_1_21' title='bbox 330 635 402 698; x_wconf 95' lang='lat' dir='ltr'>loco</span> <span class='ocrx_word' id='word_1_22' title='bbox 439 654 511 698; x_wconf 93' lang='lat' dir='ltr'>cum</span> <span class='ocrx_word' id='word_1_23' title='bbox 547 634 767 711; x_wconf 76' lang='lat' dir='ltr'>praecedente</span> <span class='ocrx_word' id='word_1_24' title='bbox 803 653 904 700; x_wconf 88' lang='lat' dir='ltr'>versu</span> <span class='ocrx_word' id='word_1_25' title='bbox 939 654 1051 698; x_wconf 85' lang='lat' dir='ltr'>sanam</span> <span class='ocrx_word' id='word_1_26' title='bbox 1088 635 1236 698; x_wconf 83' lang='lat' dir='ltr'>efficiant</span> <span class='ocrx_word' id='word_1_27' title='bbox 1261 653 1362 697; x_wconf 93' lang='lat' dir='ltr'>enun-</span> 
     </span>
     <span class='ocr_line' id='line_1_5' title="bbox 187 741 1362 822; baseline -0.001 -18"><span class='ocrx_word' id='word_1_28' title='bbox 187 741 372 822; x_wconf 83' lang='lat' dir='ltr'>tiationem,</span> <span class='ocrx_word' id='word_1_29' title='bbox 391 743 514 805; x_wconf 89' lang='lat' dir='ltr'>ceteris</span> <span class='ocrx_word' id='word_1_30' title='bbox 531 759 637 821; x_wconf 85' lang='lat' dir='ltr'>neque</span> <span class='ocrx_word' id='word_1_31' title='bbox 654 744 872 821; x_wconf 81' lang='lat' dir='ltr'>grammatice</span> <span class='ocrx_word' id='word_1_32' title='bbox 888 760 994 820; x_wconf 87' lang='lat' dir='ltr'>neque</span> <span class='ocrx_word' id='word_1_33' title='bbox 1012 742 1121 818; x_wconf 72' lang='lat' dir='ltr'>logice</span> <span class='ocrx_word' id='word_1_34' title='bbox 1140 742 1207 805; x_wconf 91' lang='lat' dir='ltr'>nlla</span> <span class='ocrx_word' id='word_1_35' title='bbox 1231 742 1362 805; x_wconf 88' lang='lat' dir='ltr'>ratione</span> 
     </span>
     <span class='ocr_line' id='line_1_6' title="bbox 188 847 1362 928; baseline 0 -18"><span class='ocrx_word' id='word_1_36' title='bbox 188 867 259 910; x_wconf 93' lang='lat' dir='ltr'>cum</span> <span class='ocrx_word' id='word_1_37' title='bbox 296 847 570 912; x_wconf 80' lang='lat' dir='ltr'>antecedentibus</span> <span class='ocrx_word' id='word_1_38' title='bbox 606 849 753 913; x_wconf 87' lang='lat' dir='ltr'>construi</span> <span class='ocrx_word' id='word_1_39' title='bbox 791 857 923 928; x_wconf 86' lang='lat' dir='ltr'>queant.</span> <span class='ocrx_word' id='word_1_40' title='bbox 974 848 1118 912; x_wconf 79' lang='lat' dir='ltr'>llxsistit</span> <span class='ocrx_word' id='word_1_41' title='bbox 1146 850 1194 913; x_wconf 91' lang='lat' dir='ltr'>ita</span> <span class='ocrx_word' id='word_1_42' title='bbox 1230 865 1362 911; x_wconf 87' lang='lat' dir='ltr'>carmen</span> 
     </span>
     <span class='ocr_line' id='line_1_7' title="bbox 189 952 1362 1037; baseline 0 -20"><span class='ocrx_word' id='word_1_43' title='bbox 189 956 251 1017; x_wconf 91' lang='lat' dir='ltr'>boc</span> <span class='ocrx_word' id='word_1_44' title='bbox 275 952 365 1037; x_wconf 87' lang='lat' dir='ltr'>(post</span> <span class='ocrx_word' id='word_1_45' title='bbox 389 955 565 1019; x_wconf 88' lang='lat' dir='ltr'>secundam</span> <span class='ocrx_word' id='word_1_46' title='bbox 584 965 618 1019; x_wconf 92' lang='lat' dir='ltr'>et</span> <span class='ocrx_word' id='word_1_47' title='bbox 635 963 712 1034; x_wconf 90' lang='lat' dir='ltr'>post</span> <span class='ocrx_word' id='word_1_48' title='bbox 728 956 860 1023; x_wconf 88' lang='lat' dir='ltr'>tertiam</span> <span class='ocrx_word' id='word_1_49' title='bbox 879 956 1036 1034; x_wconf 89' lang='lat' dir='ltr'>periodos</span> <span class='ocrx_word' id='word_1_50' title='bbox 1053 957 1197 1034; x_wconf 82' lang='lat' dir='ltr'>singulis</span> <span class='ocrx_word' id='word_1_51' title='bbox 1220 955 1362 1034; x_wconf 82' lang='lat' dir='ltr'>Dionysi</span> 
     </span>
     <span class='ocr_line' id='line_1_8' title="bbox 189 1063 1361 1143; baseline -0.001 -19"><span class='ocrx_word' id='word_1_52' title='bbox 189 1063 408 1142; x_wconf 89' lang='lat' dir='ltr'>paroemiacis</span> <span class='ocrx_word' id='word_1_53' title='bbox 461 1063 700 1143; x_wconf 77' lang='lat' dir='ltr'>interruptum,</span> <span class='ocrx_word' id='word_1_54' title='bbox 753 1063 786 1127; x_wconf 93' lang='lat' dir='ltr'>id</span> <span class='ocrx_word' id='word_1_55' title='bbox 835 1064 921 1143; x_wconf 85' lang='lat' dir='ltr'>quod</span> <span class='ocrx_word' id='word_1_56' title='bbox 968 1072 1078 1127; x_wconf 87' lang='lat' dir='ltr'>tamen</span> <span class='ocrx_word' id='word_1_57' title='bbox 1127 1063 1167 1127; x_wconf 88' lang='lat' dir='ltr'>ad</span> <span class='ocrx_word' id='word_1_58' title='bbox 1214 1068 1361 1126; x_wconf 90' lang='lat' dir='ltr'>nostram</span> 
     </span>
     <span class='ocr_line' id='line_1_9' title="bbox 189 1169 854 1254; baseline 0.003 -21"><span class='ocrx_word' id='word_1_59' title='bbox 189 1171 417 1249; x_wconf 88' lang='lat' dir='ltr'>quaestionem</span> <span class='ocrx_word' id='word_1_60' title='bbox 440 1171 567 1235; x_wconf 90' lang='lat' dir='ltr'>nullius</span> <span class='ocrx_word' id='word_1_61' title='bbox 592 1179 643 1235; x_wconf 89' lang='lat' dir='ltr'>est</span> <span class='ocrx_word' id='word_1_62' title='bbox 668 1169 854 1254; x_wconf 86' lang='lat' dir='ltr'>momenti):</span> 
     </span>
     <span class='ocr_line' id='line_1_10' title="bbox 191 1285 1059 1376; baseline 0 -20"><span class='ocrx_word' id='word_1_63' title='bbox 191 1285 318 1356; x_wconf 62' lang='grc' dir='ltr'>(λέπαδν’</span> <span class='ocrx_word' id='word_1_64' title='bbox 343 1287 489 1375; x_wconf 73' lang='grc' dir='ltr'><em>Ἀχιλλεῦ,</em></span> <span class='ocrx_word' id='word_1_65' title='bbox 513 1297 547 1356; x_wconf 78' lang='grc' dir='ltr'>τί</span> <span class='ocrx_word' id='word_1_66' title='bbox 569 1289 645 1357; x_wconf 78' lang='grc' dir='ltr'><em>ποτ’</em></span> <span class='ocrx_word' id='word_1_67' title='bbox 670 1286 908 1376; x_wconf 72' lang='grc' dir='ltr'><em>ἀνδροδάικτον</em></span> <span class='ocrx_word' id='word_1_68' title='bbox 931 1291 1059 1357; x_wconf 79' lang='grc' dir='ltr'><em>οἶκοόιον</em></span> 
     </span>
    </p>

    <p class='ocr_par' dir='ltr' id='par_1_3' title="bbox 186 1388 1143 1593">
     <span class='ocr_line' id='line_1_11' title="bbox 295 1388 1081 1484; baseline 0.003 -23"><span class='ocrx_word' id='word_1_69' title='bbox 295 1394 327 1483; x_wconf 79' lang='grc' dir='ltr'>ἰὴ</span> <span class='ocrx_word' id='word_1_70' title='bbox 351 1397 461 1464; x_wconf 82' lang='grc' dir='ltr'><em>κόπον</em></span> <span class='ocrx_word' id='word_1_71' title='bbox 486 1396 524 1463; x_wconf 79' lang='grc' dir='ltr'>οὐ</span> <span class='ocrx_word' id='word_1_72' title='bbox 549 1397 711 1471; x_wconf 67' lang='grc' dir='ltr'><em>πελόέλεις</em></span> <span class='ocrx_word' id='word_1_73' title='bbox 735 1397 789 1463; x_wconf 79' lang='grc' dir='ltr'>ἐπ’</span> <span class='ocrx_word' id='word_1_74' title='bbox 812 1397 960 1484; x_wconf 76' lang='grc' dir='ltr'><em>ἅρανγόν·;</em></span> <span class='ocrx_word' id='word_1_75' title='bbox 1080 1388 1081 1391; x_wconf 19' lang='lat'>¹</span> 
     </span>
     <span class='ocr_line' id='line_1_12' title="bbox 186 1500 1143 1593; baseline 0.004 -24"><span class='ocrx_word' id='word_1_76' title='bbox 186 1501 309 1589; x_wconf 77' lang='grc' dir='ltr'><em>Ἑρμᾶν</em></span> <span class='ocrx_word' id='word_1_77' title='bbox 332 1507 395 1586; x_wconf 82' lang='grc' dir='ltr'><em>μὲν</em></span> <span class='ocrx_word' id='word_1_78' title='bbox 418 1500 721 1592; x_wconf 61' lang='grc' dir='ltr'><em>πρόγονονῖιιόμεν</em></span> <span class='ocrx_word' id='word_1_79' title='bbox 746 1514 833 1588; x_wconf 75' lang='grc' dir='ltr'><em>γένος</em></span> <span class='ocrx_word' id='word_1_80' title='bbox 858 1508 990 1593; x_wconf 81' lang='grc' dir='ltr'><em>οἱπερὶ</em></span> <span class='ocrx_word' id='word_1_81' title='bbox 1013 1510 1143 1588; x_wconf 80' lang='grc' dir='ltr'><em>λίμναν.</em></span> 
     </span>
    </p>

    <p class='ocr_par' dir='ltr' id='par_1_4' title="bbox 295 1609 548 1699">
     <span class='ocr_line' id='line_1_13' title="bbox 295 1609 548 1699; baseline 0.004 -23"><span class='ocrx_word' id='word_1_82' title='bbox 295 1609 327 1699; x_wconf 80' lang='grc' dir='ltr'>ἰὴ</span> <span class='ocrx_word' id='word_1_83' title='bbox 352 1612 457 1678; x_wconf 83' lang='grc' dir='ltr'><em>κόπον</em></span> <span class='ocrx_word' id='word_1_84' title='bbox 481 1615 548 1686; x_wconf 79' lang='grc' dir='ltr'>κτλ,</span> 
     </span>
    </p>
   </div>
   <div class='ocr_carea' id='block_1_3' title="bbox 189 1714 1222 1913">
    <p class='ocr_par' dir='ltr' id='par_1_5' title="bbox 189 1714 1222 1913">
     <span class='ocr_line' id='line_1_14' title="bbox 189 1714 1222 1807; baseline 0.005 -24"><span class='ocrx_word' id='word_1_85' title='bbox 189 1714 318 1784; x_wconf 75' lang='grc' dir='ltr'><em>Κιῐδισν’</em></span> <span class='ocrx_word' id='word_1_86' title='bbox 336 1714 463 1800; x_wconf 77' lang='grc' dir='ltr'><em>Ἀχαιῶν</em></span> <span class='ocrx_word' id='word_1_87' title='bbox 487 1715 612 1806; x_wconf 76' lang='grc' dir='ltr'><em>Ἀνρέιος</em></span> <span class='ocrx_word' id='word_1_88' title='bbox 637 1725 858 1807; x_wconf 79' lang='grc' dir='ltr'><em>πολυκοίρανε</em></span> <span class='ocrx_word' id='word_1_89' title='bbox 882 1721 1038 1803; x_wconf 67' lang='lat' dir='ltr'>prindere</span> <span class='ocrx_word' id='word_1_90' title='bbox 1059 1746 1124 1803; x_wconf 89' lang='grc' dir='ltr'><em>μον</em></span> <span class='ocrx_word' id='word_1_91' title='bbox 1150 1732 1222 1790; x_wconf 86' lang='grc' dir='ltr'><em>παῖ.</em></span> 
     </span>
     <span class='ocr_line' id='line_1_15' title="bbox 295 1823 544 1913; baseline 0.02 -24"><span class='ocrx_word' id='word_1_92' title='bbox 295 1823 327 1913; x_wconf 79' lang='grc' dir='ltr'>ἰὴ</span> <span class='ocrx_word' id='word_1_93' title='bbox 348 1825 452 1891; x_wconf 84' lang='grc' dir='ltr'><em>κόπον</em></span> <span class='ocrx_word' id='word_1_94' title='bbox 477 1830 544 1895; x_wconf 75' lang='grc' dir='ltr'>κτλ.</span> 
     </span>
    </p>
   </div>
   <div class='ocr_carea' id='block_1_4' title="bbox 189 1931 1233 2343">
    <p class='ocr_par' dir='ltr' id='par_1_6' title="bbox 191 1931 1233 2127">
     <span class='ocr_line' id='line_1_16' title="bbox 191 1931 1233 2022; baseline 0.004 -24"><span class='ocrx_word' id='word_1_95' title='bbox 191 1931 387 2018; x_wconf 79' lang='grc' dir='ltr'><em>Εόφαμεῐιε.</em></span> <span class='ocrx_word' id='word_1_96' title='bbox 412 1933 646 2017; x_wconf 85' lang='grc' dir='ltr'><em>μελισσονόμοι</em></span> <span class='ocrx_word' id='word_1_97' title='bbox 670 1933 772 2018; x_wconf 89' lang='grc' dir='ltr'><em>δόμον</em></span> <span class='ocrx_word' id='word_1_98' title='bbox 799 1932 974 2022; x_wconf 75' lang='grc' dir='ltr'><em>Ἀρτέμιδος</em></span> <span class='ocrx_word' id='word_1_99' title='bbox 997 1938 1099 2008; x_wconf 78' lang='grc' dir='ltr'><em>πέλας</em></span> <span class='ocrx_word' id='word_1_100' title='bbox 1124 1936 1233 2017; x_wconf 78' lang='grc' dir='ltr'><em>οἴγειν.</em></span> 
     </span>
     <span class='ocr_line' id='line_1_17' title="bbox 296 2039 552 2127; baseline 0.02 -23"><span class='ocrx_word' id='word_1_101' title='bbox 296 2039 327 2127; x_wconf 82' lang='grc' dir='ltr'>ἰὴ</span> <span class='ocrx_word' id='word_1_102' title='bbox 353 2040 461 2107; x_wconf 93' lang='grc' dir='ltr'><em>κόπον</em></span> <span class='ocrx_word' id='word_1_103' title='bbox 485 2045 552 2110; x_wconf 78' lang='grc' dir='ltr'><em>κτλ.</em></span> 
     </span>
    </p>

    <p class='ocr_par' dir='ltr' id='par_1_7' title="bbox 189 2144 1091 2343">
     <span class='ocr_line' id='line_1_18' title="bbox 189 2144 1091 2236; baseline 0.007 -24"><span class='ocrx_word' id='word_1_104' title='bbox 189 2145 308 2232; x_wconf 81' lang='grc' dir='ltr'><em>Κύριός</em></span> <span class='ocrx_word' id='word_1_105' title='bbox 331 2147 400 2231; x_wconf 85' lang='grc' dir='ltr'><em>εἰμι</em></span> <span class='ocrx_word' id='word_1_106' title='bbox 423 2156 542 2234; x_wconf 68' lang='grc' dir='ltr'><em>θροεῖν</em></span> <span class='ocrx_word' id='word_1_107' title='bbox 567 2144 659 2215; x_wconf 81' lang='grc' dir='ltr'><em>ὅδιον</em></span> <span class='ocrx_word' id='word_1_108' title='bbox 683 2149 799 2232; x_wconf 84' lang='grc' dir='ltr'><em>κρόνος</em></span> <span class='ocrx_word' id='word_1_109' title='bbox 824 2151 930 2215; x_wconf 88' lang='grc' dir='ltr'><em>αἴσιον</em></span> <span class='ocrx_word' id='word_1_110' title='bbox 954 2145 1091 2236; x_wconf 72' lang='grc' dir='ltr'><em>α’νδριῖν.</em></span> 
     </span>
     <span class='ocr_line' id='line_1_19' title="bbox 296 2253 550 2343; baseline 0.02 -25"><span class='ocrx_word' id='word_1_111' title='bbox 296 2253 328 2343; x_wconf 76' lang='grc' dir='ltr'>ἰὴ</span> <span class='ocrx_word' id='word_1_112' title='bbox 353 2254 461 2321; x_wconf 88' lang='grc' dir='ltr'><em>κόπον</em></span> <span class='ocrx_word' id='word_1_113' title='bbox 484 2258 550 2325; x_wconf 82' lang='grc' dir='ltr'><em>κνλ.</em></span> 
     </span>
    </p>
   </div>
   <div class='ocr_carea' id='block_1_5' title="bbox 189 2386 1366 4288">
    <p class='ocr_par' dir='ltr' id='par_1_8' title="bbox 189 2386 1364 2985">
     <span class='ocr_line' id='line_1_20' title="bbox 189 2386 1361 2469; baseline 0.002 -20"><span class='ocrx_word' id='word_1_114' title='bbox 189 2386 240 2450; x_wconf 78' lang='grc' dir='ltr'>Ειι</span> <span class='ocrx_word' id='word_1_115' title='bbox 266 2386 327 2449; x_wconf 90' lang='lat' dir='ltr'>boc</span> <span class='ocrx_word' id='word_1_116' title='bbox 352 2393 492 2450; x_wconf 87' lang='lat' dir='ltr'>centone</span> <span class='ocrx_word' id='word_1_117' title='bbox 518 2388 691 2452; x_wconf 88' lang='lat' dir='ltr'>Wecklein</span> <span class='ocrx_word' id='word_1_118' title='bbox 718 2387 754 2469; x_wconf 88' lang='lat' dir='ltr'>(l.</span> <span class='ocrx_word' id='word_1_119' title='bbox 781 2388 802 2450; x_wconf 92' lang='lat' dir='ltr'>l.</span> <span class='ocrx_word' id='word_1_120' title='bbox 820 2407 851 2466; x_wconf 93' lang='lat' dir='ltr'>p.</span> <span class='ocrx_word' id='word_1_121' title='bbox 870 2389 948 2467; x_wconf 73' lang='lat'><strong>220)</strong></span> <span class='ocrx_word' id='word_1_122' title='bbox 973 2388 1142 2451; x_wconf 85' lang='lat' dir='ltr'>concludit</span> <span class='ocrx_word' id='word_1_123' title='bbox 1170 2407 1233 2450; x_wconf 92' lang='lat' dir='ltr'>nou</span> <span class='ocrx_word' id='word_1_124' title='bbox 1266 2387 1361 2451; x_wconf 91' lang='lat' dir='ltr'>modo</span> 
     </span>
     <span class='ocr_line' id='line_1_21' title="bbox 189 2493 1359 2574; baseline 0.003 -19"><span class='ocrx_word' id='word_1_125' title='bbox 189 2493 356 2573; x_wconf 89' lang='lat' dir='ltr'>ephymnii</span> <span class='ocrx_word' id='word_1_126' title='bbox 375 2511 466 2556; x_wconf 92' lang='lat' dir='ltr'>usum</span> <span class='ocrx_word' id='word_1_127' title='bbox 485 2494 569 2573; x_wconf 91' lang='lat' dir='ltr'>apud</span> <span class='ocrx_word' id='word_1_128' title='bbox 587 2495 790 2574; x_wconf 77' lang='lat' dir='ltr'>Aeschylum</span> <span class='ocrx_word' id='word_1_129' title='bbox 808 2495 1015 2573; x_wconf 80' lang='lat' dir='ltr'>frequentem</span> <span class='ocrx_word' id='word_1_130' title='bbox 1037 2495 1153 2573; x_wconf 80' lang='lat' dir='ltr'>fuisse,</span> <span class='ocrx_word' id='word_1_131' title='bbox 1179 2494 1236 2558; x_wconf 88' lang='lat' dir='ltr'>sod</span> <span class='ocrx_word' id='word_1_132' title='bbox 1261 2496 1359 2559; x_wconf 91' lang='lat' dir='ltr'>etiam</span> 
     </span>
     <span class='ocr_line' id='line_1_22' title="bbox 189 2600 1361 2682; baseline 0.003 -21"><span class='ocrx_word' id='word_1_133' title='bbox 189 2617 287 2677; x_wconf 87' lang='lat' dir='ltr'>saepe</span> <span class='ocrx_word' id='word_1_134' title='bbox 312 2600 423 2680; x_wconf 73' lang='lat' dir='ltr'>talem,</span> <span class='ocrx_word' id='word_1_135' title='bbox 456 2609 492 2665; x_wconf 92' lang='lat' dir='ltr'>ut</span> <span class='ocrx_word' id='word_1_136' title='bbox 525 2603 736 2681; x_wconf 83' lang='lat' dir='ltr'>opuymnium</span> <span class='ocrx_word' id='word_1_137' title='bbox 770 2621 841 2665; x_wconf 92' lang='lat' dir='ltr'>cum</span> <span class='ocrx_word' id='word_1_138' title='bbox 873 2603 1012 2678; x_wconf 89' lang='lat' dir='ltr'>stropha</span> <span class='ocrx_word' id='word_1_139' title='bbox 1041 2600 1189 2682; x_wconf 77' lang='lat' dir='ltr'>quidem,</span> <span class='ocrx_word' id='word_1_140' title='bbox 1215 2601 1361 2665; x_wconf 84' lang='lat' dir='ltr'>sednon</span> 
     </span>
     <span class='ocr_line' id='line_1_23' title="bbox 189 2707 1363 2787; baseline 0.003 -18"><span class='ocrx_word' id='word_1_141' title='bbox 189 2726 260 2770; x_wconf 94' lang='lat' dir='ltr'>cum</span> <span class='ocrx_word' id='word_1_142' title='bbox 286 2707 499 2784; x_wconf 77' lang='lat' dir='ltr'>antistropha</span> <span class='ocrx_word' id='word_1_143' title='bbox 522 2716 595 2771; x_wconf 87' lang='lat' dir='ltr'>arte</span> <span class='ocrx_word' id='word_1_144' title='bbox 620 2717 719 2786; x_wconf 89' lang='lat' dir='ltr'>atque</span> <span class='ocrx_word' id='word_1_145' title='bbox 736 2716 893 2772; x_wconf 89' lang='lat' dir='ltr'>accurate</span> <span class='ocrx_word' id='word_1_146' title='bbox 911 2717 1001 2773; x_wconf 85' lang='lat' dir='ltr'>esset</span> <span class='ocrx_word' id='word_1_147' title='bbox 1024 2710 1235 2772; x_wconf 87' lang='lat' dir='ltr'>coniunctum</span> <span class='ocrx_word' id='word_1_148' title='bbox 1260 2727 1363 2787; x_wconf 88' lang='lat' dir='ltr'>eoque</span> 
     </span>
     <span class='ocr_line' id='line_1_24' title="bbox 189 2812 1364 2894; baseline 0.003 -18"><span class='ocrx_word' id='word_1_149' title='bbox 189 2812 284 2876; x_wconf 92' lang='lat' dir='ltr'>modo</span> <span class='ocrx_word' id='word_1_150' title='bbox 310 2832 426 2878; x_wconf 88' lang='lat' dir='ltr'>sensus</span> <span class='ocrx_word' id='word_1_151' title='bbox 452 2833 531 2892; x_wconf 87' lang='lat' dir='ltr'>prae</span> <span class='ocrx_word' id='word_1_152' title='bbox 555 2833 593 2878; x_wconf 91' lang='lat' dir='ltr'>re</span> <span class='ocrx_word' id='word_1_153' title='bbox 617 2814 742 2879; x_wconf 88' lang='lat' dir='ltr'>musica</span> <span class='ocrx_word' id='word_1_154' title='bbox 766 2822 824 2878; x_wconf 89' lang='lat' dir='ltr'>aut</span> <span class='ocrx_word' id='word_1_155' title='bbox 840 2814 946 2879; x_wconf 88' lang='lat' dir='ltr'>forma</span> <span class='ocrx_word' id='word_1_156' title='bbox 967 2816 1172 2894; x_wconf 87' lang='lat' dir='ltr'>aliquantum</span> <span class='ocrx_word' id='word_1_157' title='bbox 1190 2815 1364 2894; x_wconf 85' lang='lat' dir='ltr'>neglectus</span> 
     </span>
     <span class='ocr_line' id='line_1_25' title="bbox 190 2928 289 2985; baseline 0 -1"><span class='ocrx_word' id='word_1_158' title='bbox 190 2928 289 2985; x_wconf 87' lang='lat' dir='ltr'>esset.</span> 
     </span>
    </p>

    <p class='ocr_par' dir='ltr' id='par_1_9' title="bbox 190 3028 1366 4288">
     <span class='ocr_line' id='line_1_26' title="bbox 297 3028 1364 3107; baseline -0.001 -14"><span class='ocrx_word' id='word_1_159' title='bbox 297 3028 402 3094; x_wconf 87' lang='lat' dir='ltr'>Recte</span> <span class='ocrx_word' id='word_1_160' title='bbox 441 3028 553 3092; x_wconf 88' lang='lat' dir='ltr'>eodem</span> <span class='ocrx_word' id='word_1_161' title='bbox 590 3029 664 3092; x_wconf 92' lang='lat' dir='ltr'>loco</span> <span class='ocrx_word' id='word_1_162' title='bbox 702 3029 773 3107; x_wconf 88' lang='lat' dir='ltr'>ipse</span> <span class='ocrx_word' id='word_1_163' title='bbox 802 3029 975 3094; x_wconf 92' lang='lat' dir='ltr'>Wecklein</span> <span class='ocrx_word' id='word_1_164' title='bbox 1008 3029 1185 3094; x_wconf 88' lang='lat' dir='ltr'>tenendum</span> <span class='ocrx_word' id='word_1_165' title='bbox 1210 3047 1283 3093; x_wconf 88' lang='lat' dir='ltr'>esse</span> <span class='ocrx_word' id='word_1_166' title='bbox 1309 3028 1364 3093; x_wconf 94' lang='lat' dir='ltr'>ad·</span> 
     </span>
     <span class='ocr_line' id='line_1_27' title="bbox 190 3135 1362 3215; baseline 0.003 -18"><span class='ocrx_word' id='word_1_167' title='bbox 190 3144 301 3200; x_wconf 91' lang='lat' dir='ltr'>mouet</span> <span class='ocrx_word' id='word_1_168' title='bbox 328 3137 471 3200; x_wconf 91' lang='lat' dir='ltr'>comicos</span> <span class='ocrx_word' id='word_1_169' title='bbox 498 3144 612 3213; x_wconf 87' lang='lat' dir='ltr'>poetas</span> <span class='ocrx_word' id='word_1_170' title='bbox 637 3135 676 3200; x_wconf 89' lang='lat' dir='ltr'>ad</span> <span class='ocrx_word' id='word_1_171' title='bbox 695 3137 889 3202; x_wconf 88' lang='lat' dir='ltr'>movendum</span> <span class='ocrx_word' id='word_1_172' title='bbox 906 3137 1010 3200; x_wconf 90' lang='lat' dir='ltr'>risum</span> <span class='ocrx_word' id='word_1_173' title='bbox 1027 3155 1083 3200; x_wconf 90' lang='lat' dir='ltr'>res</span> <span class='ocrx_word' id='word_1_174' title='bbox 1101 3155 1225 3215; x_wconf 81' lang='lat' dir='ltr'>augere</span> <span class='ocrx_word' id='word_1_175' title='bbox 1242 3136 1362 3200; x_wconf 88' lang='lat' dir='ltr'>solere.</span> 
     </span>
     <span class='ocr_line' id='line_1_28' title="bbox 191 3242 1363 3326; baseline 0.001 -21"><span class='ocrx_word' id='word_1_176' title='bbox 191 3242 284 3323; x_wconf 73' lang='lat' dir='ltr'>Quod</span> <span class='ocrx_word' id='word_1_177' title='bbox 319 3243 469 3320; x_wconf 88' lang='lat' dir='ltr'>profecto</span> <span class='ocrx_word' id='word_1_178' title='bbox 505 3244 546 3306; x_wconf 89' lang='lat' dir='ltr'>ab</span> <span class='ocrx_word' id='word_1_179' title='bbox 583 3244 635 3324; x_wconf 84' lang='lat' dir='ltr'>iis,</span> <span class='ocrx_word' id='word_1_180' title='bbox 673 3244 728 3323; x_wconf 89' lang='lat' dir='ltr'>qui</span> <span class='ocrx_word' id='word_1_181' title='bbox 765 3263 805 3308; x_wconf 83' lang='lat' dir='ltr'>ex</span> <span class='ocrx_word' id='word_1_182' title='bbox 831 3245 923 3322; x_wconf 88' lang='lat' dir='ltr'>poesi</span> <span class='ocrx_word' id='word_1_183' title='bbox 956 3244 1081 3308; x_wconf 89' lang='lat' dir='ltr'>comica</span> <span class='ocrx_word' id='word_1_184' title='bbox 1106 3243 1363 3326; x_wconf 84' lang='lat' dir='ltr'>(comoediarum</span> 
     </span>
     <span class='ocr_line' id='line_1_29' title="bbox 191 3341 1363 3432; baseline 0.002 -20"><span class='ocrx_word' id='word_1_185' title='bbox 191 3357 290 3427; x_wconf 83' lang='lat' dir='ltr'>atque</span> <span class='ocrx_word' id='word_1_186' title='bbox 315 3351 510 3429; x_wconf 89' lang='lat' dir='ltr'>satirarum)</span> <span class='ocrx_word' id='word_1_187' title='bbox 546 3369 661 3416; x_wconf 90' lang='lat' dir='ltr'>verum</span> <span class='ocrx_word' id='word_1_188' title='bbox 696 3351 838 3415; x_wconf 86' lang='lat' dir='ltr'>alieuius</span> <span class='ocrx_word' id='word_1_189' title='bbox 875 3352 935 3432; x_wconf 82' lang='lat' dir='ltr'>rei,</span> <span class='ocrx_word' id='word_1_190' title='bbox 972 3370 1056 3429; x_wconf 87' lang='lat' dir='ltr'>quae</span> <span class='ocrx_word' id='word_1_191' title='bbox 1089 3341 1135 3414; x_wconf 89' lang='lat' dir='ltr'>ibi</span> <span class='ocrx_word' id='word_1_192' title='bbox 1160 3353 1363 3432; x_wconf 82' lang='lat' dir='ltr'>exagitatur,</span> 
     </span>
     <span class='ocr_line' id='line_1_30' title="bbox 190 3457 1363 3538; baseline 0.001 -18"><span class='ocrx_word' id='word_1_193' title='bbox 190 3464 313 3521; x_wconf 91' lang='lat' dir='ltr'>statum</span> <span class='ocrx_word' id='word_1_194' title='bbox 347 3457 477 3521; x_wconf 88' lang='lat' dir='ltr'>discere</span> <span class='ocrx_word' id='word_1_195' title='bbox 514 3458 640 3538; x_wconf 84' lang='lat' dir='ltr'>volunt,</span> <span class='ocrx_word' id='word_1_196' title='bbox 676 3459 801 3536; x_wconf 91' lang='lat' dir='ltr'>respici</span> <span class='ocrx_word' id='word_1_197' title='bbox 837 3459 918 3522; x_wconf 91' lang='lat' dir='ltr'>mihi</span> <span class='ocrx_word' id='word_1_198' title='bbox 955 3476 1084 3536; x_wconf 89' lang='lat' dir='ltr'>quoque</span> <span class='ocrx_word' id='word_1_199' title='bbox 1122 3459 1254 3522; x_wconf 84' lang='lat' dir='ltr'>maximi</span> <span class='ocrx_word' id='word_1_200' title='bbox 1290 3477 1363 3522; x_wconf 86' lang='lat' dir='ltr'>esse</span> 
     </span>
     <span class='ocr_line' id='line_1_31' title="bbox 190 3564 1363 3643; baseline 0.002 -17"><span class='ocrx_word' id='word_1_201' title='bbox 190 3564 346 3628; x_wconf 90' lang='lat' dir='ltr'>momenti</span> <span class='ocrx_word' id='word_1_202' title='bbox 372 3564 518 3643; x_wconf 65' lang='lat' dir='ltr'>videtum</span> <span class='ocrx_word' id='word_1_203' title='bbox 543 3583 603 3628; x_wconf 91' lang='lat' dir='ltr'>nec</span> <span class='ocrx_word' id='word_1_204' title='bbox 628 3567 710 3628; x_wconf 89' lang='lat' dir='ltr'>satis</span> <span class='ocrx_word' id='word_1_205' title='bbox 737 3566 979 3630; x_wconf 87' lang='lat' dir='ltr'>Weckleiuium</span> <span class='ocrx_word' id='word_1_206' title='bbox 1005 3564 1038 3628; x_wconf 93' lang='lat' dir='ltr'>id</span> <span class='ocrx_word' id='word_1_207' title='bbox 1063 3565 1253 3643; x_wconf 83' lang='lat' dir='ltr'>respexisse</span> <span class='ocrx_word' id='word_1_208' title='bbox 1274 3573 1363 3643; x_wconf 89' lang='lat' dir='ltr'>puto.</span> 
     </span>
     <span class='ocr_line' id='line_1_32' title="bbox 191 3671 1364 3753; baseline 0 -18"><span class='ocrx_word' id='word_1_209' title='bbox 191 3671 362 3752; x_wconf 70' lang='lat' dir='ltr'>Quatenus</span> <span class='ocrx_word' id='word_1_210' title='bbox 398 3673 483 3735; x_wconf 93' lang='lat' dir='ltr'>enim</span> <span class='ocrx_word' id='word_1_211' title='bbox 520 3690 736 3750; x_wconf 86' lang='lat' dir='ltr'>unaquaeque</span> <span class='ocrx_word' id='word_1_212' title='bbox 770 3690 825 3735; x_wconf 87' lang='lat' dir='ltr'>res</span> <span class='ocrx_word' id='word_1_213' title='bbox 860 3674 900 3736; x_wconf 91' lang='lat' dir='ltr'>ab</span> <span class='ocrx_word' id='word_1_214' title='bbox 925 3672 996 3737; x_wconf 90' lang='lat' dir='ltr'>illis</span> <span class='ocrx_word' id='word_1_215' title='bbox 1019 3672 1160 3736; x_wconf 91' lang='lat' dir='ltr'>ridicule</span> <span class='ocrx_word' id='word_1_216' title='bbox 1185 3675 1231 3738; x_wconf 88' lang='lat' dir='ltr'>sit</span> <span class='ocrx_word' id='word_1_217' title='bbox 1255 3682 1364 3753; x_wconf 83' lang='lat' dir='ltr'>aucta,</span> 
     </span>
     <span class='ocr_line' id='line_1_33' title="bbox 191 3779 1364 3860; baseline 0.003 -19"><span class='ocrx_word' id='word_1_218' title='bbox 191 3780 219 3842; x_wconf 89' lang='lat' dir='ltr'>si</span> <span class='ocrx_word' id='word_1_219' title='bbox 245 3779 322 3844; x_wconf 88' lang='lat' dir='ltr'>aliis</span> <span class='ocrx_word' id='word_1_220' title='bbox 347 3779 495 3844; x_wconf 85' lang='lat' dir='ltr'>lontibus</span> <span class='ocrx_word' id='word_1_221' title='bbox 520 3798 681 3860; x_wconf 86' lang='lat' dir='ltr'>caremus,</span> <span class='ocrx_word' id='word_1_222' title='bbox 707 3779 939 3844; x_wconf 85' lang='lat' dir='ltr'>difficillimum</span> <span class='ocrx_word' id='word_1_223' title='bbox 964 3779 1082 3845; x_wconf 91' lang='lat' dir='ltr'>estad</span> <span class='ocrx_word' id='word_1_224' title='bbox 1107 3780 1364 3860; x_wconf 86' lang='lat' dir='ltr'>diiudicandum,</span> 
     </span>
     <span class='ocr_line' id='line_1_34' title="bbox 192 3886 1364 3966; baseline 0 -17"><span class='ocrx_word' id='word_1_225' title='bbox 192 3886 240 3949; x_wconf 89' lang='lat' dir='ltr'>ita</span> <span class='ocrx_word' id='word_1_226' title='bbox 266 3894 301 3950; x_wconf 94' lang='lat' dir='ltr'>ut</span> <span class='ocrx_word' id='word_1_227' title='bbox 325 3905 423 3964; x_wconf 86' lang='lat' dir='ltr'>saepe</span> <span class='ocrx_word' id='word_1_228' title='bbox 449 3886 482 3950; x_wconf 92' lang='lat' dir='ltr'>id</span> <span class='ocrx_word' id='word_1_229' title='bbox 507 3886 579 3950; x_wconf 86' lang='lat' dir='ltr'>lieri</span> <span class='ocrx_word' id='word_1_230' title='bbox 608 3888 739 3951; x_wconf 90' lang='lat' dir='ltr'>omnino</span> <span class='ocrx_word' id='word_1_231' title='bbox 764 3907 829 3951; x_wconf 93' lang='lat' dir='ltr'>nou</span> <span class='ocrx_word' id='word_1_232' title='bbox 854 3889 971 3966; x_wconf 88' lang='lat' dir='ltr'>possit.</span> <span class='ocrx_word' id='word_1_233' title='bbox 1019 3887 1120 3952; x_wconf 81' lang='lat' dir='ltr'>Velut</span> <span class='ocrx_word' id='word_1_234' title='bbox 1144 3888 1198 3950; x_wconf 92' lang='lat' dir='ltr'>hie</span> <span class='ocrx_word' id='word_1_235' title='bbox 1231 3888 1364 3950; x_wconf 90' lang='lat' dir='ltr'>minime</span> 
     </span>
     <span class='ocr_line' id='line_1_35' title="bbox 193 3993 1364 4074; baseline 0.001 -19"><span class='ocrx_word' id='word_1_236' title='bbox 193 4010 328 4058; x_wconf 90' lang='lat' dir='ltr'>necesse</span> <span class='ocrx_word' id='word_1_237' title='bbox 354 4012 427 4056; x_wconf 89' lang='lat' dir='ltr'>esse</span> <span class='ocrx_word' id='word_1_238' title='bbox 452 3993 535 4057; x_wconf 92' lang='lat' dir='ltr'>duco</span> <span class='ocrx_word' id='word_1_239' title='bbox 562 3995 828 4058; x_wconf 88' lang='lat' dir='ltr'>coniunctionem</span> <span class='ocrx_word' id='word_1_240' title='bbox 855 3993 1105 4074; x_wconf 89' lang='lat' dir='ltr'>epbymuiorum</span> <span class='ocrx_word' id='word_1_241' title='bbox 1136 4012 1207 4056; x_wconf 92' lang='lat' dir='ltr'>cum</span> <span class='ocrx_word' id='word_1_242' title='bbox 1243 3993 1364 4056; x_wconf 87' lang='lat' dir='ltr'>ceteris</span> 
     </span>
     <span class='ocr_line' id='line_1_36' title="bbox 192 4098 1366 4178; baseline 0.003 -17"><span class='ocrx_word' id='word_1_243' title='bbox 192 4119 305 4178; x_wconf 89' lang='lat' dir='ltr'>parum</span> <span class='ocrx_word' id='word_1_244' title='bbox 343 4109 451 4164; x_wconf 90' lang='lat' dir='ltr'>artam</span> <span class='ocrx_word' id='word_1_245' title='bbox 492 4101 640 4166; x_wconf 89' lang='lat' dir='ltr'>irrideri.</span> <span class='ocrx_word' id='word_1_246' title='bbox 696 4104 747 4163; x_wconf 82' lang='lat' dir='ltr'>An</span> <span class='ocrx_word' id='word_1_247' title='bbox 784 4100 954 4178; x_wconf 86' lang='lat' dir='ltr'>quisquam</span> <span class='ocrx_word' id='word_1_248' title='bbox 993 4098 1193 4163; x_wconf 86' lang='lat' dir='ltr'>contendere</span> <span class='ocrx_word' id='word_1_249' title='bbox 1229 4099 1366 4164; x_wconf 87' lang='lat' dir='ltr'>audebit</span> 
     </span>
     <span class='ocr_line' id='line_1_37' title="bbox 193 4206 1364 4288; baseline -0.001 -16"><span class='ocrx_word' id='word_1_250' title='bbox 193 4209 460 4288; x_wconf 81' lang='lat' dir='ltr'>Aristophanem,</span> <span class='ocrx_word' id='word_1_251' title='bbox 474 4209 503 4270; x_wconf 92' lang='lat' dir='ltr'>si</span> <span class='ocrx_word' id='word_1_252' title='bbox 517 4206 765 4288; x_wconf 83' lang='lat' dir='ltr'>eplrymniorum</span> <span class='ocrx_word' id='word_1_253' title='bbox 784 4207 966 4285; x_wconf 88' lang='lat' dir='ltr'>l&#39;reqentem</span> <span class='ocrx_word' id='word_1_254' title='bbox 986 4225 1079 4271; x_wconf 85' lang='lat' dir='ltr'>usum</span> <span class='ocrx_word' id='word_1_255' title='bbox 1098 4207 1203 4272; x_wconf 88' lang='lat' dir='ltr'>solum</span> <span class='ocrx_word' id='word_1_256' title='bbox 1220 4207 1364 4272; x_wconf 90' lang='lat' dir='ltr'>irridere</span> 
     </span>
    </p>
   </div>
   <div class='ocr_carea' id='block_1_6' title="bbox 0 0 1566 4890">
    <p class='ocr_par' dir='ltr' id='par_1_10' title="bbox 0 0 1566 4890">
     <span class='ocr_line' id='line_1_38' title="bbox 0 0 1566 4890; baseline 0 0"><span class='ocrx_word' id='word_1_257' title='bbox 0 0 1566 4890; x_wconf 95' lang='lat' dir='ltr'> </span> 
     </span>
    </p>
   </div>
  </div>
 </body>
</html>
