3112 4890
601 240 819 308 „21-

495 427 690 501 ὅτοεοτοτοῖ.
908 497 915 506 ,.

493 544 888 626 fflmfflmfflu

494 644 638 735 φοβερὸν
662 641 845 733 ἀπότρεπε,

493 740 518 818 ὦ
542 760 585 836 βᾶ
609 759 674 827 Γᾶς
697 763 765 818 παῖ
785 758 860 821 Ζεῦ.

122 868 261 932 Ceterae
298 866 454 930 carminis
490 866 650 944 strophae
676 865 863 945 ephymniis
899 873 1025 929 carent.
1085 864 1178 948 Quod
1210 866 1294 930 hene

120 984 220 1052 poeta
250 974 342 1055 feeit,
377 992 449 1037 cum
480 974 543 1037 hoc
577 974 650 1051 ipso
688 973 762 1036 loco
788 972 828 1036 ad
853 991 1011 1037 summum
1036 973 1169 1038 timoris
1193 982 1293 1053 atque

120 1081 357 1159 trepidationis
392 1080 532 1159 gradum
569 1080 736 1144 Danaides
771 1080 1005 1159 pervenerint;
1034 1100 1107 1145 nam
1134 1099 1218 1160 quae
1243 1099 1293 1146 se·

121 1196 284 1266 qunntur:
317 1181 353 1247 ἰώ
385 1182 513 1257 πόλεως
543 1181 617 1266 α’γοὶ
647 1182 783 1269 πρόμοι,
808 1182 978 1266 δάμναμαι
1002 1184 1096 1272 (916)
1121 1197 1155 1254 et
1179 1183 1293 1250 διωλό-

119 1285 228 1372 μεσθ’·
253 1286 379 1375 ἄελπτ’,
403 1290 492 1376 ἅπαξ,
517 1288 689 1374 πάσχομεν
713 1291 802 1377 (919)
828 1295 892 1360 iam
922 1296 1160 1373 tranquilliore
1191 1297 1293 1361 animi

118 1409 208 1466 statu
247 1403 466 1480 pronuntiant
502 1402 653 1468 videntes
689 1403 803 1467 nescio
839 1410 950 1467 tamen
983 1402 1091 1467 adhuc
1128 1421 1291 1481 praecone

117 1511 437 1588 appropinquantem
464 1511 547 1589 ipsis
570 1527 694 1588 regem.
718 1546 761 1554 -
786 1508 873 1592 Quin
897 1517 991 1574 reeta
1016 1512 1063 1575 sit
1091 1511 1291 1576 'scholiastae

117 1617 364 1697 interpretatio,
389 1618 445 1696 oui
470 1618 519 1695 μᾶ
543 1634 616 1681 esse
639 1619 742 1698 μῆτερ
766 1624 800 1681 et
822 1619 865 1697 βᾶ
890 1617 996 1698 (quod,
1022 1618 1052 1682 si
1069 1617 1116 1682 ita
1138 1625 1200 1699 est,
1218 1619 1290 1683 sine

116 1723 215 1788 dnbio
252 1725 284 1789 in
310 1725 370 1786 πᾶ
397 1743 468 1788 eum
492 1723 629 1791 Panwio
665 1731 717 1788 est
749 1724 951 1802 mutandum)
976 1718 1085 1807 πάτερ
1110 1724 1200 1806 dicit,
1225 1744 1291 1789 non

116 1831 242 1897 duhito.
290 1833 339 1895 De
371 1831 536 1895 industria
566 1839 647 1909 puto
682 1838 811 1909 poetam
836 1831 891 1896 hio
914 1832 1126 1897 naturalibus
1151 1833 1289 1897 vocibus

113 1939 163 2000 πᾶ
188 1946 222 2002 et
244 1939 291 2017 μᾶ
322 1957 416 2002 usum
448 1957 539 2019 esse,
571 1957 609 2002 eo
640 1938 781 2003 consilio
813 1947 850 2003 ut
882 1940 1096 2018 antiquitatis
1121 1939 1290 2003 cuiusdam

116 2047 260 2110 colorem
285 2045 397 2111 verbis
422 2046 623 2124 impertiret.
671 2046 745 2109 Huc
769 2045 899 2110 accedit
923 2064 1060 2125 magnus
1089 2046 1289 2127 monosylla-

115 2154 228 2217 borum
254 2154 490 2219 vocabulorum
515 2170 672 2216 numerus
696 2142 883 2232 similisque
908 2172 1024 2219 vocum
1050 2154 1108 2235 μᾶ,
1132 2153 1194 2234 Γᾶ,
1228 2154 1288 2234 πᾶ,

115 2261 180 2329 Γᾶς
204 2261 345 2324 sonitus,
394 2260 521 2341 Quibus
551 2261 663 2340 rotun,
695 2277 779 2338 quae
814 2279 875 2338 per
908 2279 944 2325 se
974 2261 1029 2325 hic
1053 2261 1186 2325 minime
1211 2269 1289 2326 sunt

113 2367 320 2448 necessaria,
346 2367 408 2430 hoc
440 2367 651 2447 ephymnium
685 2367 814 2430 insoliti
844 2367 970 2445 aliquid
996 2369 1150 2446 accipere
1176 2376 1287 2450 atque,

114 2481 150 2538 ut
182 2476 231 2539 ita
262 2474 386 2554 dicam,
426 2472 467 2538 ad
498 2472 658 2550 quandam
690 2473 853 2539 formulae
889 2475 1140 2541 similitudinem
1176 2476 1286 2553 redigi

113 2591 271 2660 apparet3
296 2600 357 2644 neo
381 2580 463 2645 mihi
487 2579 623 2645 videtur
646 2582 885 2659 probabilitate
911 2600 1027 2646 carere
1058 2584 1113 2647 hic
1145 2602 1286 2663 quoque,

113 2696 150 2752 ut
184 2690 218 2752 in
252 2689 367 2753 Persis
404 2689 444 2766 (p.
471 2691 511 2751 lo
559 2690 580 2768 l,
633 2688 793 2768 magicam
832 2689 993 2767 quandam
1026 2690 1195 2771 ephymnii
1219 2692 1287 2756 vim

112 2795 320 2859 statuendam
345 2813 438 2875 esse,
471 2813 536 2873 qua
559 2797 711 2874 virgines
735 2813 932 2875 praeconem
958 2798 1096 2876 eiusque
1120 2797 1286 2862 satellites

111 2903 278 2980 repellere
302 2902 468 2967 studeant.

218 3026 287 3090 lam
326 3046 408 3105 quos
444 3027 537 3091 locos
573 3034 611 3091 ut
644 3036 827 3093 tractemus
858 3036 977 3112 restat,
1002 3030 1027 3094 ii
1052 3036 1139 3110 sunt,
1164 3029 1284 3108 quihus

111 3131 205 3195 multi
232 3132 296 3198 viri
322 3133 410 3199 docti
437 3142 554 3199 contra
571 3135 704 3200 codices
720 3144 779 3200 aut
795 3135 934 3201 formam
951 3136 1120 3217 ephymuii
1137 3135 1284 3201 inferunt

110 3239 241 3302 omniuo
266 3258 329 3304 non
348 3249 545 3324 exstantem,
571 3250 629 3307 aut
646 3243 856 3323 ephymnium
874 3244 1008 3322 saepius
1025 3263 1100 3323 qum
1122 3242 1283 3308 traditum

110 3347 156 3410 sit
180 3347 364 3425 ponendum
390 3365 463 3414 esse
487 3350 615 3414 volunt.
656 3349 738 3415 Sunt
762 3358 874 3415 autem
889 3351 941 3415 hi:
967 3350 1159 3429 Supplicem
1178 3351 1282 3415 tertia

108 3472 186 3531 pars
232 3455 350 3533 parodi
397 3458 605 3538 (lla—181),
652 3456 870 3522 Eumenidum
917 3457 1057 3536 primum
1110 3457 1280 3523 stasimum

109 3556 320 3645 (ann—399),
367 3565 625 3640 Agamemnonis
671 3583 811 3642 magnus
858 3559 983 3644 κομμός
1021 3565 1281 3647 (1449-1576),

109 3666 377 3746 (ihocphororum
409 3670 546 3733 stasima
577 3670 756 3736 secundum
788 3668 993 3754 (tte-836)
1017 3679 1117 3749 atque
1141 3672 1278 3736 tertium

108 3774 319 3856 (934*970).
372 3775 498 3838 Horum
541 3778 722 3841 carminum
759 3785 796 3841 ut
830 3778 931 3843 etiam
967 3779 1017 3842 eis
1065 3778 1279 3855 stropharum

108 3883 244 3958 paribus
280 3882 457 3963 ephymnia
493 3881 711 3964 vindicarent,
748 3902 767 3946 a
803 3884 923 3962 quihus
958 3884 992 3948 in
1028 3884 1127 3948 libris
1166 3904 1278 3950 manu-

106 3989 244 4067 scriptis
280 3990 410 4070 absunt‚
447 3990 600 4055 commoti
636 3997 714 4054 sunt
749 4008 788 4053 ea
821 4007 870 4072 re,
907 3989 993 4069 quod
1021 3990 1073 4055 his
1097 3992 1182 4056 locis
1206 3992 1278 4056 uhi·

106 4117 232 4177 cunque
269 4077 444 4180 ephymnia
471 4119 536 4164 non
572 4107 650 4164 sunt
683 4100 820 4182 tradita,
857 4100 946 4166 inter
977 4101 1148 4179 stropham
1191 4102 1277 4166 anti-

106 4206 343 4284 strophamque
371 4224 450 4283 pars
476 4207 620 4287 legitur,
644 4227 729 4286 <puae
754 4218 849 4274 extra
874 4227 999 4272 omnem
1026 4209 1274 4286 responsionem
