3112 4890
668 224 887 283 „23-

189 417 331 481 alicuius
355 415 488 481 librarii
513 416 848 494 interpretamentum
860 412 895 495 l),
921 432 1021 478 causa
1049 415 1237 479 sententiae
1273 422 1366 478 ante·

191 523 339 588 cedentis
373 519 470 607 (‚,nos
503 523 622 588 Jovem
648 530 845 600 ceterosque
870 521 950 585 deos
975 539 1055 585 cura
1078 521 1238 599 puniendi
1262 522 1366 585 inter·

191 630 337 696 sectores
354 631 546 712 liberamus,
563 648 603 693 ne
622 631 672 694 eis
689 648 771 706 opus
788 630 834 693 sit
851 628 1011 693 iudicium
1028 628 1068 692 de
1085 630 1134 693 eis
1152 628 1367 709 instituere“)

192 737 345 803 versibus
371 733 480 820 36618,
505 737 533 800 61
559 736 690 815 quidem
707 737 781 801 iure
799 736 939 815 quodam
955 754 1073 800 sensus
1095 737 1366 816 progressionem

193 845 371 926 poscimus,
409 845 524 923 utique
559 844 698 909 affertur
733 861 839 922 neque
877 827 989 907 alterni
1022 848 1135 921 potest
1174 844 1240 906 nisi
1287 861 1368 907 voce

191 946 289 1020 ἔθνος
311 945 384 1012 τόδε
409 951 450 1015 ad
474 951 711 1015 interfectores
735 952 861 1031 relata;
886 971 949 1031 quo
974 950 1105 1015 accedit
1130 950 1217 1029 quod
1242 951 1366 1014 Furiae

191 1077 265 1123 6666
290 1060 381 1137 ipsas
405 1059 569 1123 attributo
595 1049 767 1136 ἀξιόμισον
791 1058 1049 1123 dehonestantes
1074 1077 1093 1121 a
1124 1064 1222 1136 poeta
1254 1056 1366 1121 induci

182 1167 247 1252 ,vix
270 1163 500 1247 1611611112).
547 1165 600 1230 hd
631 1165 887 1230 interfectorum
920 1173 1029 1230 autem
1060 1166 1181 1243 vulgus
1210 1166 1365 1229 substan·

189 1273 293 1339 tivum
332 1265 525 1355 οἲνατροποίς
559 1291 600 1336 16
637 1291 697 1351 per
731 1274 938 1337 liberrimum
975 1272 1107 1352 quidem
1142 1272 1365 1350 appositionis

189 1398 294 1459 genus
318 1379 440 1444 referri
472 1387 602 1461 potest,
635 1399 707 1444 cum
740 1375 930 1463 οἱνατροιιαί
952 1381 1008 1445 1116
1033 1380 1102 1444 6111
1125 1398 1190 1442 161
1215 1397 1298 1458 quae
1323 1381 1363 1443 ab
1420 1462 1422 1465 Ι

190 1487 476 1568 interfectoribus,
513 1487 571 1551 sed
607 1506 691 1566 quae
726 1507 745 1552 a
780 1488 894 1552 Furiis
930 1487 1012 1552 fiunt
1041 1483 1142 1569 (quod
1167 1494 1307 1565 apparet
1331 1496 1365 1552 et

190 1613 230 1658 61
254 1595 393 1672 stropha
418 1602 452 1658 et
476 1613 517 1658 ex
541 1594 647 1659 forma
672 1595 877 1661 coniunctivi
901 1585 1217 1678 661161ἰὸσανὲλμ).
1255 1594 1364 1674 Quare

189 1702 351 1783 nonnulli,
377 1707 413 1765 ut
438 1701 624 1782 Wecklein,
648 1694 840 1784 α’ναιροιιας
856 1702 1100 1780 appositionem
1117 1719 1191 1765 esse
1208 1701 1249 1765 ad
1264 1695 1362 1762 τάσδε

188 1810 348 1891 μερίμνας
372 1807 462 1888 (361)
486 1809 676 1874 uoluerunt.
724 1809 817 1889 Quod
835 1828 931 1888 quam
955 1827 1016 1888 per
1039 1827 1075 1872 se
1100 1827 1164 1872 non
1191 1809 1365 1886 probabile

189 1916 245 1996 sit,
270 1933 364 1980 nemo
397 1935 463 1979 non
495 1915 605 1996 videt,
631 1915 759 1980 duobus
790 1916 901 1996 longis
931 1915 1122 1995 duobusque
1151 1916 1364 1981 brevioribus

189 2023 354 2105 versibus,
379 2042 462 2102 quos
486 2042 527 2087 ne
551 2023 646 2102 quasi
669 2042 792 2087 meram
816 2024 1034 2102 parenthesin
1058 2023 1261 2101 accipiamus
1291 2030 1363 2087 toto

189 2132 366 2196 verborum
402 2149 529 2195 conexu
563 2132 789 2212 prohibemur,
825 2131 1037 2195 intermissis.
1095 2130 1209 2210 Neque
1253 2139 1365 2196 tamen

189 2238 408 2303 verisimilior
443 2245 496 2302 est
531 2238 671 2303 aliorum
707 2239 807 2321 ratio,
844 2239 900 2318 qui
937 2221 1148 2318 quaerentes
1167 2239 1256 2302 inter
1280 2239 1364 2303 anti·

189 2346 360 2424 stropham
395 2345 624 2425 repetitosque
667 2346 745 2410 illos
788 2365 906 2413 versus
943 2346 1207 2411 coniunctionem
1242 2346 1277 2410 in
1311 2347 1364 2410 his

189 2453 302 2532 aliqua
326 2460 540 2519 mutaverunt
564 2455 613 2532 (ut
637 2455 753 2533 Bergk
776 2447 969 2536 dearmach
992 2455 1027 2518 in
1057 2450 1273 2537 ἐπιτρέπων),
1310 2456 1364 2521 161

189 2559 291 2624 eade
317 2578 417 2624 causa
442 2560 528 2640 quod
553 2562 689 2640 propria
714 2562 881 2642 ephymnii
906 2570 1027 2626 natura
1051 2562 1225 2640 repetendi
1250 2561 1365 2627 eadem

189 2668 293 2733 verba
317 2668 366 2731 sic
383 2668 541 2733 violatur.
556 2704 595 2712 -
610 2668 674 2733 Sed
693 2669 748 2733 1116
764 2668 907 2732 16161161
924 2669 1049 2748 aliquis
1066 2669 1106 2733 ad
1124 2669 1363 2733 defendendum

189 2774 399 2855 ephymnium
436 2774 526 2840 dicat
561 2775 665 2840 multo
698 2775 817 2839 melius
847 2777 984 2840 tertiam
1008 2777 1178 2854 stropham
1203 2776 1363 2841 accedere

189 2881 231 2946 ad
266 2881 422 2952 iteratam
470 2889 599 2975 partem
632 2903 649 2960 y
685 2902 780 2962 quam
818 2883 858 2948 ad
893 2883 1137 2961 antistropham
1174 2883 1362 2964 secundam,

190 2990 391 3068 prraesertim
415 3008 487 3054 cum
512 2991 680 3068 particula
703 2993 741 3051 σε’
762 2991 919 3056 adiuncta
943 2991 997 3056 sit.
1038 2989 1131 3072 Quod
1155 3010 1361 3071 nequaquam

188 3104 255 3160 tam
290 3115 395 3175 grave
432 3116 527 3176 quam
563 3098 624 3161 illa
660 3097 795 3162 oii'onsio
830 3099 911 3162 mihi
945 3098 1090 3165 videtur.
1136 3099 1217 3164 Nam
1254 3101 1363 3166 artius

188 3205 359 3282 stropham
383 3204 519 3268 tertiam
544 3224 616 3269 cum
641 3205 916 3279 antecedentibus
942 3208 1099 3287 coniungi
1127 3226 1192 3271 non
1226 3227 1361 3274 1666666

295 3395 323 3465 1)
342 3396 402 3452 Aut
422 3399 496 3453 enirn
515 3405 635 3469 propter
653 3419 766 3456 versum
786 3402 935 3472 strophae,
961 3402 1013 3472 qui
1030 3402 1133 3470 incipit
1153 3393 1312 3454 παλλεύκων
1332 3401 1362 3455 δὲ

188 3479 301 3540 πέπλων
320 3488 349 3541 in
369 3488 452 3541 initio
472 3506 587 3560 quoque
601 3491 777 3560 dactylicum
790 3491 954 3560 rhythmum
967 3492 1117 3560 praebens,
1138 3491 1268 3546 homines
1282 3493 1361 3546 docti

188 3578 336 3632 eiecerunt
356 3570 410 3652 γάρ
430 3579 591 3635 scribentes
611 3573 682 3639 Ζεὺς
711 3580 877 3653 αἱμοσταγὲς
896 3567 1036 3654 ἀξιόμισον
1058 3579 1203 3650 (Ahrcns),
1222 3587 1272 3637 aut
1290 3583 1362 3635 anti·

192 3668 329 3737 strophae
349 3660 404 3742 ya'p
424 3669 566 3724 intactum
586 3688 651 3725 6666
670 3672 725 3725 rati
744 3676 832 3742 atquc
852 3675 961 3727 mutato
982 3676 1093 3728 tantum
1113 3671 1313 3744 αἱματοσταγές
1332 3673 1360 3725 111

188 3757 354 3829 αἱμοσταγές
382 3777 496 3815 versum
525 3765 658 3814 constare
687 3777 720 3814 ex
749 3765 927 3817 monomet'ro
957 3762 1104 3818 trochaico
1135 3763 1307 3817 catalectico
1332 3767 1362 3815 et

187 3851 366 3914 pentametro
387 3848 532 3917 dactylico
552 3850 582 3902 in
602 3849 721 3919 stropha
740 3852 919 3920 scripserunt
939 3845 1191 3920 παντολεύκωνμτο
1204 3843 1361 3903 παλλεύκων

188 3942 245 4004 aut,
257 3939 333 4007 quod
344 3941 389 3991 661
402 3938 432 3991 in
443 3933 878 4008 Μ6111666,πανλεύιιων(1166611.
890 3946 920 3996 et
933 3937 1085 4008 Westph.).
1117 3941 1225 3995 Neutra
1239 3941 1359 3994 mutatio

189 4025 318 4080 difficilis
339 4031 392 4081 cet.

296 4115 322 4182 2)
344 4117 414 4172 Nam
434 4103 628 4190 111οἷξιόμισον
654 4137 687 4173 ex
714 4119 861 4173 sententia
884 4119 967 4175 Jovis
987 4119 1096 4174 dictum
1115 4121 1262 4190 accipiam,
1284 4123 1361 4193 quod

187 4205 322 4261 nonnulli
341 4205 453 4276 volunt,
472 4207 625 4276 impetrare
643 4225 660 4262 a
678 4225 723 4263 1116
742 4226 800 4263 161
820 4226 946 4279 possum.
