3112 4890
671 252 684 271 '
804 239 823 312 8

221 436 325 512 verba
348 462 488 525 prorsus
515 446 720 510 contrarium
744 453 912 513 statuunt:
939 444 1125 525 ephymniis
1154 445 1254 509 ctiam
1288 443 1400 509 sensui

223 555 301 620 novi
337 552 464 632 aliquid
503 552 601 631 adici,
638 553 947 631 epiphthegmatica
977 552 1135 630 strophae
1165 553 1259 630 quasi
1286 569 1401 630 supcr-

223 679 370 727 vacanea
394 659 480 724 addi.
517 659 581 724 Sed
606 678 690 739 quae
708 678 810 739 supra
834 678 874 724 ex
899 661 1009 738 capite
1027 659 1199 723 undecimo
1225 659 1401 740 exscripsi,

223 769 290 831 loci
321 786 403 847 quos
433 768 506 846 ipse
536 767 739 846 Hephaestio
768 767 867 832 affert
896 767 1121 847 Bacchylidei,
1152 767 1293 845 denique
1318 784 1402 846 quae

225 875 478 954 insequentibus
515 875 630 940 verbis
667 875 848 954 explanat,¹
871 876 900 938 si
936 875 1277 953 epiphthcgmaticum
1318 874 1402 938 satis

227 1001 380 1060 magnum
406 983 452 1046 sit
476 989 513 1046 ut
536 999 597 1059 per
621 1000 656 1046 se
680 1000 799 1047 novam
825 984 996 1060 stropham
1022 981 1154 1046 efficere
1171 983 1289 1064 possit,
1307 981 1402 1061 gigni

227 1089 314 1168 quod
343 1096 484 1155 vocetur
512 1082 657 1172 σύστημα
686 1080 768 1149 κατὰ
799 1082 988 1170 περικοπὴν
1017 1080 1255 1171 α’νομοιομερὲς
1284 1087 1403 1170 (forma

226 1216 246 1257 α
268 1198 325 1276 βα
346 1197 389 1276 β),
431 1195 660 1261 demonstrant
699 1196 884 1274 Westphali
924 1198 1140 1261 mutationem
1182 1215 1255 1261 esse
1295 1214 1403 1260 emen-

226 1303 403 1368 dationem.
446 1304 650 1381 Hephaestio
676 1303 790 1383 igitur,
828 1310 872 1384 et,
910 1303 995 1381 quod
1019 1305 1076 1368 vix
1101 1302 1317 1368 dubitandum
1342 1310 1402 1382 est,

226 1410 285 1474 alii
315 1411 447 1475 metrici
477 1411 662 1488 scriptores
691 1411 870 1492 ephyrnnia
898 1430 954 1475 eos
987 1419 1115 1476 tantum
1149 1428 1266 1475 versus
1300 1410 1403 1474 inter-

229 1519 358 1581 calares
392 1518 658 1595 appellaverunt,
700 1519 755 1597 qui
797 1518 837 1582 ad
867 1519 1134 1597 antiquissimum
1167 1518 1404 1596 propriumque

227 1642 349 1688 morem
379 1626 529 1702 proxime
559 1625 762 1690 accedebant
791 1626 1042 1704 simplicemque
1072 1627 1105 1689 in
1131 1625 1260 1689 modum
1284 1626 1404 1689 breves

228 1732 489 1795 exclamationes
523 1733 735 1809 repetebant·
780 1731 844 1796 Sed
882 1732 1091 1813 ephymuium
1128 1732 1214 1809 apud
1249 1734 1405 1810 antiquos

229 1839 330 1911 etiam
365 1838 557 1916 ampliorem
587 1838 864 1917 significationem
895 1840 1017 1903 habore
1051 1839 1162 1916 potuit
1190 1847 1290 1917 atque
1320 1858 1405 1902 com·

228 1946 331 2022 plecti
370 1945 453 2008 illud
490 1946 597 2024 magis
633 1945 850 2010 artificiosum
887 1965 992 2024 genus
1029 1964 1092 2024 quo
1128 1945 1280 2025 integrae
1306 1964 1405 2009 ennu-

229 2053 391 2118 tiationcs
415 2052 543 2130 aliquid
568 2071 689 2118 novum
713 2053 826 2117 sensui
849 2052 982 2132 addant,
1007 2062 1044 2118 nt
1061 2053 1270 2135 ephymuium
1289 2062 1405 2117 nostro

231 2159 314 2224 artis
351 2160 503 2237 poeticae
537 2159 698 2225 vocabulo
735 2158 917 2240 „Refrain“
942 2161 1039 2237 plano
1063 2161 1274 2238 respondeat.
1312 2159 1406 2241 Quod

230 2266 371 2330 scholiis
400 2274 575 2343 poetarum
604 2267 811 2331 scenicorum
842 2268 1087 2347 comprobatur,
1121 2268 1177 2331 ubi
1211 2286 1276 2332 non
1311 2267 1405 2331 modo

230 2372 271 2437 ad
297 2373 474 2452 ephymnia
486 2373 758 2454 Hephaestionis,
783 2372 841 2437 sed
866 2393 932 2437 non
956 2393 1033 2438 raro
1059 2374 1224 2438 etiamad
1250 2393 1298 2454 ea,
1324 2394 1407 2453 qnae

231 2479 410 2544 secundum
436 2480 507 2543 eius
533 2479 757 2545 definitionem
782 2482 854 2545 sine
879 2481 978 2545 dubio
996 2482 1303 2562 opiphthcgmatica
1319 2491 1407 2563 sunt,

232 2593 424 2651 annotatum
449 2594 501 2651 est
525 2581 697 2668 ἐφύμνιον,
721 2589 815 2653 velut
839 2588 878 2651 acl
894 2589 1013 2653 Aesch.
1039 2588 1129 2666 Sept.
1156 2608 1185 2654 v.
1205 2595 1267 2652 962
1285 2597 1319 2653 et
1333 2595 1406 2667 977,

232 2702 332 2774 atquc
356 2695 397 2758 ad
421 2694 516 2759 Eum.
542 2700 616 2761 342,
664 2695 785 2760 Cetera
814 2713 896 2774 quac
929 2694 1065 2759 fuerunt
1094 2696 1168 2759 cius
1196 2695 1246 2758 rei
1275 2696 1408 2759 nomina

233 2802 377 2866 contulit
401 2820 432 2867 v.
458 2802 603 2867 Leutsch
629 2800 765 2882 (Philol.
789 2802 850 2880 XI,
877 2807 973 2881 1866,
1000 2822 1028 2880 p.
1056 2799 1187 2884 well),
1216 2801 1274 2866 sed
1304 2803 1407 2866 multo

233 2916 311 2972 sunt
334 2907 515 2988 rariora1).
563 2908 673 2989 Quare
709 2927 769 2972 nos
806 2927 877 2972 cum
913 2909 1095 2973 scholiasta
1124 2909 1333 2990 ephymuium
1361 2910 1408 2973 in-

232 3016 423 3095 tellegimus
460 3032 554 3078 omne
588 3033 746 3080 versuum
782 3015 1033 3079 intercalarium
1062 3034 1167 3092 genus
1193 3017 1226 3079 in
1250 3016 1314 3080 fine
1339 3035 1408 3080 cer-

234 3131 343 3187 tarum
369 3121 523 3185 carminis
547 3122 692 3199 partium
717 3122 913 3199 positorum.

340 3246 410 3310 Iam
435 3255 472 3310 ut
496 3246 536 3309 ad
561 3247 722 3327 Aeschyli
739 3247 888 3325 exempla
905 3247 1097 3328 aggrediar,
1115 3249 1304 3327 praemitto,
1322 3248 1408 3326 quod

235 3353 385 3432 quamvis
433 3353 557 3418 leviter
603 3354 851 3434 introspicienti
901 3374 1079 3439 occurrere
1127 3356 1234 3436 debet,
1275 3356 1409 3419 solitum

236 3461 404 3540 ephymnii
435 3478 574 3541 morem,
599 3469 636 3526 nt
665 3463 778 3527 eadem
807 3464 911 3528 verba
935 3481 994 3541 per
1017 3471 1123 3527 totum
1150 3481 1282 3527 carmen
1306 3464 1410 3527 certis

236 3568 429 3633 intervallis
453 3575 661 3648 repetantur,
688 3570 729 3632 ab
754 3571 803 3633 eis
828 3571 955 3634 abesse.
1003 3570 1086 3633 Eius
1112 3571 1197 3633 enim
1222 3588 1301 3634 usus
1329 3570 1410 3634 talis

236 3682 297 3755 est,
324 3682 360 3739 nt
385 3674 497 3738 eadem
523 3676 626 3740 verba
650 3677 702 3740 bis
726 3676 962 3757 tantummodo,
986 3676 1020 3740 in
1048 3677 1111 3741 fine
1140 3677 1409 3756 respondentium

236 3781 326 3844 inter
350 3800 385 3845 se
410 3783 633 3862 stropharum,
658 3791 770 3865 ponat,
796 3802 890 3862 quam
915 3791 1027 3848 tamen
1050 3785 1214 3848 rationem
1238 3784 1272 3848 in
1297 3783 1411 3847 eodem

237 3889 383 3952 carmine
413 3889 546 3967 saepius
576 3891 748 3969 complura
782 3892 992 3968 stropharum
1029 3892 1126 3968 paria
1161 3899 1344 3968 sequuntur
1370 3927 1409 3934 —

237 4013 301 4058 uno
338 4004 478 4073 excepto
519 3997 681 4078 exemplo,
718 4017 781 4076 quo
816 3998 955 4074 stropha
991 3997 1204 4074 antistropha
1227 3997 1352 4074 epodus
1377 3998 1411 4061 in

346 4239 373 4309 1)
392 4241 432 4297 Ut
452 4228 661 4316 ἕπιφωνήματα,
681 4229 863 4316 ἐπιρρήματα,
885 4229 995 4316 capriol,
1015 4233 1184 4316 ἕπιβοήματα
1204 4249 1259 4300 cet.
