<?xml version="1.0" encoding="UTF-8"?>
<!DOCTYPE html PUBLIC "-//W3C//DTD XHTML 1.0 Transitional//EN"
    "http://www.w3.org/TR/xhtml1/DTD/xhtml1-transitional.dtd">
<html xmlns="http://www.w3.org/1999/xhtml" xml:lang="en" lang="en">
 <head>
  <title>
</title>
<meta http-equiv="Content-Type" content="text/html;charset=utf-8" />
  <meta name='ocr-system' content='tesseract 3.04.00' />
  <meta name='ocr-capabilities' content='ocr_page ocr_carea ocr_par ocr_line ocrx_word'/>
</head>
<body>
  <div class='ocr_page' id='page_1' title='image "./deephymniorumap00schwgoog_0036.png"; bbox 0 0 3112 4890; ppageno 0'>
   <div class='ocr_carea' id='block_1_1' title="bbox 667 255 883 315">
    <p class='ocr_par' dir='ltr' id='par_1_1' title="bbox 667 255 883 315">
     <span class='ocr_line' id='line_1_1' title="bbox 667 255 883 315; baseline 0 -21"><span class='ocrx_word' id='word_1_1' title='bbox 667 255 883 315; x_wconf 68' lang='lat'><strong>..31-</strong></span> 
     </span>
    </p>
   </div>
   <div class='ocr_carea' id='block_1_2' title="bbox 156 445 1429 2885">
    <p class='ocr_par' dir='ltr' id='par_1_2' title="bbox 156 445 1429 2885">
     <span class='ocr_line' id='line_1_2' title="bbox 188 445 1360 525; baseline -0.003 -13"><span class='ocrx_word' id='word_1_2' title='bbox 188 447 453 512; x_wconf 91' lang='lat' dir='ltr'>coniunctionem</span> <span class='ocrx_word' id='word_1_3' title='bbox 478 463 590 509; x_wconf 90' lang='lat' dir='ltr'>eorum</span> <span class='ocrx_word' id='word_1_4' title='bbox 610 446 741 509; x_wconf 91' lang='lat' dir='ltr'>omnino</span> <span class='ocrx_word' id='word_1_5' title='bbox 759 464 823 509; x_wconf 93' lang='lat' dir='ltr'>non</span> <span class='ocrx_word' id='word_1_6' title='bbox 842 454 999 524; x_wconf 88' lang='lat' dir='ltr'>spectans</span> <span class='ocrx_word' id='word_1_7' title='bbox 1016 446 1050 509; x_wconf 93' lang='lat' dir='ltr'>in</span> <span class='ocrx_word' id='word_1_8' title='bbox 1067 446 1175 509; x_wconf 86' lang='lat' dir='ltr'>animo</span> <span class='ocrx_word' id='word_1_9' title='bbox 1194 445 1360 525; x_wconf 79' lang='lat' dir='ltr'>habuerit,</span> 
     </span>
     <span class='ocr_line' id='line_1_3' title="bbox 188 551 1360 631; baseline -0.003 -12"><span class='ocrx_word' id='word_1_10' title='bbox 188 554 220 619; x_wconf 93' lang='lat' dir='ltr'>id</span> <span class='ocrx_word' id='word_1_11' title='bbox 244 555 355 619; x_wconf 87' lang='lat' dir='ltr'>facere</span> <span class='ocrx_word' id='word_1_12' title='bbox 380 573 445 617; x_wconf 92' lang='lat' dir='ltr'>non</span> <span class='ocrx_word' id='word_1_13' title='bbox 469 553 619 631; x_wconf 88' lang='lat' dir='ltr'>potuisse</span> <span class='ocrx_word' id='word_1_14' title='bbox 645 553 703 616; x_wconf 94' lang='lat' dir='ltr'>illo</span> <span class='ocrx_word' id='word_1_15' title='bbox 729 551 899 617; x_wconf 82' lang='lat' dir='ltr'>carmine?</span> <span class='ocrx_word' id='word_1_16' title='bbox 924 552 987 617; x_wconf 84' lang='lat' dir='ltr'>Sed</span> <span class='ocrx_word' id='word_1_17' title='bbox 1015 560 1125 617; x_wconf 89' lang='lat' dir='ltr'>tamen</span> <span class='ocrx_word' id='word_1_18' title='bbox 1151 553 1360 618; x_wconf 85' lang='lat' dir='ltr'>Weckleinio</span> 
     </span>
     <span class='ocr_line' id='line_1_4' title="bbox 188 659 1360 740; baseline -0.002 -14"><span class='ocrx_word' id='word_1_19' title='bbox 188 661 405 727; x_wconf 82' lang='lat' dir='ltr'>concedamus</span> <span class='ocrx_word' id='word_1_20' title='bbox 422 661 522 725; x_wconf 90' lang='lat' dir='ltr'>etiam</span> <span class='ocrx_word' id='word_1_21' title='bbox 539 659 579 724; x_wconf 92' lang='lat' dir='ltr'>ad</span> <span class='ocrx_word' id='word_1_22' title='bbox 597 659 863 725; x_wconf 91' lang='lat' dir='ltr'>coniunctionem</span> <span class='ocrx_word' id='word_1_23' title='bbox 880 661 1132 740; x_wconf 90' lang='lat' dir='ltr'>epbymniorum</span> <span class='ocrx_word' id='word_1_24' title='bbox 1156 660 1360 739; x_wconf 88' lang='lat' dir='ltr'>aliquantum</span> 
     </span>
     <span class='ocr_line' id='line_1_5' title="bbox 188 767 1361 848; baseline -0.003 -14"><span class='ocrx_word' id='word_1_25' title='bbox 188 778 306 848; x_wconf 91' lang='lat' dir='ltr'>poetae</span> <span class='ocrx_word' id='word_1_26' title='bbox 331 767 510 833; x_wconf 87' lang='lat' dir='ltr'>ludibrium</span> <span class='ocrx_word' id='word_1_27' title='bbox 526 768 581 832; x_wconf 91' lang='lat' dir='ltr'>hic</span> <span class='ocrx_word' id='word_1_28' title='bbox 598 768 779 846; x_wconf 88' lang='lat' dir='ltr'>pertinere.</span> <span class='ocrx_word' id='word_1_29' title='bbox 816 767 976 847; x_wconf 76' lang='lat' dir='ltr'>Quaestio</span> <span class='ocrx_word' id='word_1_30' title='bbox 994 768 1101 846; x_wconf 85' lang='lat' dir='ltr'>igitur</span> <span class='ocrx_word' id='word_1_31' title='bbox 1120 786 1207 833; x_wconf 88' lang='lat' dir='ltr'>nova</span> <span class='ocrx_word' id='word_1_32' title='bbox 1225 767 1361 832; x_wconf 81' lang='lat' dir='ltr'>exsistit</span> 
     </span>
     <span class='ocr_line' id='line_1_6' title="bbox 188 867 1360 956; baseline -0.002 -16"><span class='ocrx_word' id='word_1_33' title='bbox 188 877 317 956; x_wconf 88' lang='lat' dir='ltr'>quinam</span> <span class='ocrx_word' id='word_1_34' title='bbox 353 894 454 941; x_wconf 90' lang='lat' dir='ltr'>verus</span> <span class='ocrx_word' id='word_1_35' title='bbox 485 876 531 939; x_wconf 90' lang='lat' dir='ltr'>sit</span> <span class='ocrx_word' id='word_1_36' title='bbox 553 876 605 939; x_wconf 90' lang='lat' dir='ltr'>rei</span> <span class='ocrx_word' id='word_1_37' title='bbox 629 867 748 939; x_wconf 89' lang='lat' dir='ltr'>status.</span> <span class='ocrx_word' id='word_1_38' title='bbox 789 876 899 953; x_wconf 86' lang='lat' dir='ltr'>Atque</span> <span class='ocrx_word' id='word_1_39' title='bbox 925 875 1099 939; x_wconf 88' lang='lat' dir='ltr'>utstatim</span> <span class='ocrx_word' id='word_1_40' title='bbox 1124 873 1202 954; x_wconf 93' lang='lat' dir='ltr'>quid</span> <span class='ocrx_word' id='word_1_41' title='bbox 1219 875 1360 939; x_wconf 92' lang='lat' dir='ltr'>sentiam</span> 
     </span>
     <span class='ocr_line' id='line_1_7' title="bbox 187 982 1360 1062; baseline -0.003 -14"><span class='ocrx_word' id='word_1_42' title='bbox 187 984 372 1062; x_wconf 88' lang='lat' dir='ltr'>proferam:</span> <span class='ocrx_word' id='word_1_43' title='bbox 396 1001 460 1046; x_wconf 92' lang='lat' dir='ltr'>non</span> <span class='ocrx_word' id='word_1_44' title='bbox 484 982 670 1048; x_wconf 90' lang='lat' dir='ltr'>verisimile</span> <span class='ocrx_word' id='word_1_45' title='bbox 695 999 768 1045; x_wconf 90' lang='lat' dir='ltr'>esse</span> <span class='ocrx_word' id='word_1_46' title='bbox 794 999 912 1045; x_wconf 87' lang='lat' dir='ltr'>censeo</span> <span class='ocrx_word' id='word_1_47' title='bbox 930 989 1061 1058; x_wconf 88' lang='lat' dir='ltr'>poetam</span> <span class='ocrx_word' id='word_1_48' title='bbox 1079 1000 1232 1062; x_wconf 89' lang='lat' dir='ltr'>unquam,</span> <span class='ocrx_word' id='word_1_49' title='bbox 1259 989 1295 1045; x_wconf 92' lang='lat' dir='ltr'>ut</span> <span class='ocrx_word' id='word_1_50' title='bbox 1318 982 1360 1045; x_wconf 90' lang='lat' dir='ltr'>ab</span> 
     </span>
     <span class='ocr_line' id='line_1_8' title="bbox 188 1088 1358 1170; baseline -0.003 -15"><span class='ocrx_word' id='word_1_51' title='bbox 188 1090 349 1168; x_wconf 75' lang='lat' dir='ltr'>Euripide</span> <span class='ocrx_word' id='word_1_52' title='bbox 374 1090 620 1168; x_wconf 90' lang='lat' dir='ltr'>Aristophaneo</span> <span class='ocrx_word' id='word_1_53' title='bbox 644 1088 692 1170; x_wconf 87' lang='lat' dir='ltr'>fit,</span> <span class='ocrx_word' id='word_1_54' title='bbox 710 1089 888 1168; x_wconf 89' lang='lat' dir='ltr'>ephymnia</span> <span class='ocrx_word' id='word_1_55' title='bbox 905 1089 954 1153; x_wconf 91' lang='lat' dir='ltr'>ita</span> <span class='ocrx_word' id='word_1_56' title='bbox 971 1088 1139 1153; x_wconf 87' lang='lat' dir='ltr'>addidisse</span> <span class='ocrx_word' id='word_1_57' title='bbox 1158 1096 1193 1153; x_wconf 87' lang='lat' dir='ltr'>nt</span> <span class='ocrx_word' id='word_1_58' title='bbox 1210 1089 1358 1166; x_wconf 77' lang='lat' dir='ltr'>ineptiae</span> 
     </span>
     <span class='ocr_line' id='line_1_9' title="bbox 188 1195 1360 1278; baseline -0.002 -17"><span class='ocrx_word' id='word_1_59' title='bbox 188 1196 379 1264; x_wconf 88' lang='lat' dir='ltr'>evaderent.</span> <span class='ocrx_word' id='word_1_60' title='bbox 419 1195 513 1278; x_wconf 78' lang='lat' dir='ltr'>Quod</span> <span class='ocrx_word' id='word_1_61' title='bbox 539 1197 678 1275; x_wconf 90' lang='lat' dir='ltr'>primum</span> <span class='ocrx_word' id='word_1_62' title='bbox 697 1196 855 1276; x_wconf 85' lang='lat' dir='ltr'>Aeschyli</span> <span class='ocrx_word' id='word_1_63' title='bbox 873 1196 1009 1275; x_wconf 85' lang='lat' dir='ltr'>ingenio</span> <span class='ocrx_word' id='word_1_64' title='bbox 1027 1214 1165 1274; x_wconf 90' lang='lat' dir='ltr'>prorsus</span> <span class='ocrx_word' id='word_1_65' title='bbox 1188 1195 1360 1274; x_wconf 86' lang='lat' dir='ltr'>indignum</span> 
     </span>
     <span class='ocr_line' id='line_1_10' title="bbox 188 1302 1360 1386; baseline -0.002 -18"><span class='ocrx_word' id='word_1_66' title='bbox 188 1305 265 1368; x_wconf 92' lang='lat' dir='ltr'>mihi</span> <span class='ocrx_word' id='word_1_67' title='bbox 290 1304 433 1370; x_wconf 90' lang='lat' dir='ltr'>videtur.</span> <span class='ocrx_word' id='word_1_68' title='bbox 482 1302 610 1368; x_wconf 85' lang='lat' dir='ltr'>Deinde</span> <span class='ocrx_word' id='word_1_69' title='bbox 632 1311 744 1386; x_wconf 84' lang='lat' dir='ltr'>¹autem</span> <span class='ocrx_word' id='word_1_70' title='bbox 769 1322 834 1367; x_wconf 91' lang='lat' dir='ltr'>non</span> <span class='ocrx_word' id='word_1_71' title='bbox 859 1303 995 1367; x_wconf 90' lang='lat' dir='ltr'>multum</span> <span class='ocrx_word' id='word_1_72' title='bbox 1021 1303 1098 1366; x_wconf 89' lang='lat' dir='ltr'>fidei</span> <span class='ocrx_word' id='word_1_73' title='bbox 1122 1303 1360 1380; x_wconf 77' lang='lat' dir='ltr'>Aristophanis</span> 
     </span>
     <span class='ocr_line' id='line_1_11' title="bbox 188 1409 1361 1488; baseline -0.001 -13"><span class='ocrx_word' id='word_1_74' title='bbox 188 1411 332 1477; x_wconf 92' lang='lat' dir='ltr'>ludibrio</span> <span class='ocrx_word' id='word_1_75' title='bbox 368 1410 580 1475; x_wconf 91' lang='lat' dir='ltr'>tribuendum</span> <span class='ocrx_word' id='word_1_76' title='bbox 616 1428 690 1474; x_wconf 89' lang='lat' dir='ltr'>esse</span> <span class='ocrx_word' id='word_1_77' title='bbox 725 1409 835 1474; x_wconf 83' lang='lat' dir='ltr'>efficio</span> <span class='ocrx_word' id='word_1_78' title='bbox 872 1428 913 1474; x_wconf 83' lang='lat' dir='ltr'>ex</span> <span class='ocrx_word' id='word_1_79' title='bbox 949 1429 988 1474; x_wconf 87' lang='lat' dir='ltr'>ea</span> <span class='ocrx_word' id='word_1_80' title='bbox 1022 1411 1154 1474; x_wconf 90' lang='lat' dir='ltr'>ratione</span> <span class='ocrx_word' id='word_1_81' title='bbox 1190 1429 1254 1488; x_wconf 91' lang='lat' dir='ltr'>qua</span> <span class='ocrx_word' id='word_1_82' title='bbox 1278 1409 1361 1474; x_wconf 90' lang='lat' dir='ltr'>alias</span> 
     </span>
     <span class='ocr_line' id='line_1_12' title="bbox 189 1516 1429 1599; baseline -0.002 -16"><span class='ocrx_word' id='word_1_83' title='bbox 189 1519 347 1599; x_wconf 88' lang='lat' dir='ltr'>Aeschyli</span> <span class='ocrx_word' id='word_1_84' title='bbox 384 1517 624 1596; x_wconf 83' lang='lat' dir='ltr'>Euripidisque</span> <span class='ocrx_word' id='word_1_85' title='bbox 664 1516 921 1581; x_wconf 87' lang='lat' dir='ltr'>consuetudines</span> <span class='ocrx_word' id='word_1_86' title='bbox 957 1518 1012 1583; x_wconf 87' lang='lat' dir='ltr'>vel</span> <span class='ocrx_word' id='word_1_87' title='bbox 1047 1518 1140 1581; x_wconf 92' lang='lat' dir='ltr'>locos</span> <span class='ocrx_word' id='word_1_88' title='bbox 1176 1518 1209 1581; x_wconf 90' lang='lat' dir='ltr'>in</span> <span class='ocrx_word' id='word_1_89' title='bbox 1246 1517 1359 1581; x_wconf 90' lang='lat' dir='ltr'>eadem</span> <span class='ocrx_word' id='word_1_90' title='bbox 1425 1590 1429 1595; x_wconf 36' lang='grc'>,</span> 
     </span>
     <span class='ocr_line' id='line_1_13' title="bbox 188 1623 1359 1703; baseline -0.003 -13"><span class='ocrx_word' id='word_1_91' title='bbox 188 1625 301 1690; x_wconf 82' lang='lat' dir='ltr'>fabula</span> <span class='ocrx_word' id='word_1_92' title='bbox 324 1625 459 1689; x_wconf 88' lang='lat' dir='ltr'>irrideri</span> <span class='ocrx_word' id='word_1_93' title='bbox 484 1623 577 1690; x_wconf 84' lang='lat' dir='ltr'>facit.</span> <span class='ocrx_word' id='word_1_94' title='bbox 625 1625 727 1688; x_wconf 88' lang='lat' dir='ltr'>Velut</span> <span class='ocrx_word' id='word_1_95' title='bbox 751 1625 784 1688; x_wconf 93' lang='lat' dir='ltr'>in</span> <span class='ocrx_word' id='word_1_96' title='bbox 808 1625 871 1688; x_wconf 92' lang='lat' dir='ltr'>hoc</span> <span class='ocrx_word' id='word_1_97' title='bbox 895 1626 1060 1703; x_wconf 88' lang='lat' dir='ltr'>exemplo:</span> <span class='ocrx_word' id='word_1_98' title='bbox 1100 1625 1172 1689; x_wconf 91' lang='lat' dir='ltr'>Hoc</span> <span class='ocrx_word' id='word_1_99' title='bbox 1197 1626 1269 1702; x_wconf 91' lang='lat' dir='ltr'>ipso</span> <span class='ocrx_word' id='word_1_100' title='bbox 1286 1624 1359 1688; x_wconf 93' lang='lat' dir='ltr'>loco</span> 
     </span>
     <span class='ocr_line' id='line_1_14' title="bbox 188 1731 1361 1813; baseline -0.003 -15"><span class='ocrx_word' id='word_1_101' title='bbox 188 1752 236 1813; x_wconf 93' lang='lat' dir='ltr'>eo,</span> <span class='ocrx_word' id='word_1_102' title='bbox 277 1733 362 1813; x_wconf 93' lang='lat' dir='ltr'>qnod</span> <span class='ocrx_word' id='word_1_103' title='bbox 402 1732 583 1812; x_wconf 81' lang='lat' dir='ltr'>Euripides</span> <span class='ocrx_word' id='word_1_104' title='bbox 622 1750 740 1797; x_wconf 89' lang='lat' dir='ltr'>versus</span> <span class='ocrx_word' id='word_1_105' title='bbox 780 1750 820 1796; x_wconf 87' lang='lat' dir='ltr'>ex</span> <span class='ocrx_word' id='word_1_106' title='bbox 861 1732 1006 1797; x_wconf 87' lang='lat' dir='ltr'>diversis</span> <span class='ocrx_word' id='word_1_107' title='bbox 1045 1733 1203 1811; x_wconf 87' lang='lat' dir='ltr'>Aeschyli</span> <span class='ocrx_word' id='word_1_108' title='bbox 1236 1731 1361 1796; x_wconf 87' lang='lat' dir='ltr'>fabulis</span> 
     </span>
     <span class='ocr_line' id='line_1_15' title="bbox 188 1839 1360 1921; baseline -0.002 -17"><span class='ocrx_word' id='word_1_109' title='bbox 188 1841 351 1905; x_wconf 88' lang='lat' dir='ltr'>collectos</span> <span class='ocrx_word' id='word_1_110' title='bbox 376 1841 554 1921; x_wconf 77' lang='lat' dir='ltr'>componit,</span> <span class='ocrx_word' id='word_1_111' title='bbox 579 1847 617 1904; x_wconf 92' lang='lat' dir='ltr'>ut</span> <span class='ocrx_word' id='word_1_112' title='bbox 633 1858 698 1904; x_wconf 91' lang='lat' dir='ltr'>nna</span> <span class='ocrx_word' id='word_1_113' title='bbox 716 1857 787 1903; x_wconf 88' lang='lat' dir='ltr'>cum</span> <span class='ocrx_word' id='word_1_114' title='bbox 806 1839 982 1919; x_wconf 92' lang='lat' dir='ltr'>ephymnio</span> <span class='ocrx_word' id='word_1_115' title='bbox 1001 1846 1078 1917; x_wconf 92' lang='lat' dir='ltr'>post</span> <span class='ocrx_word' id='word_1_116' title='bbox 1097 1857 1360 1919; x_wconf 90' lang='lat' dir='ltr'>unumquemque</span> 
     </span>
     <span class='ocr_line' id='line_1_16' title="bbox 189 1945 1361 2025; baseline -0.002 -14"><span class='ocrx_word' id='word_1_117' title='bbox 189 1966 300 2011; x_wconf 87' lang='lat' dir='ltr'>eorum</span> <span class='ocrx_word' id='word_1_118' title='bbox 334 1948 481 2025; x_wconf 91' lang='lat' dir='ltr'>repetito</span> <span class='ocrx_word' id='word_1_119' title='bbox 506 1966 602 2011; x_wconf 91' lang='lat' dir='ltr'>unum</span> <span class='ocrx_word' id='word_1_120' title='bbox 630 1947 798 2011; x_wconf 90' lang='lat' dir='ltr'>choricum</span> <span class='ocrx_word' id='word_1_121' title='bbox 824 1954 956 2011; x_wconf 89' lang='lat' dir='ltr'>cantum</span> <span class='ocrx_word' id='word_1_122' title='bbox 981 1945 1137 2022; x_wconf 88' lang='lat' dir='ltr'>efficiant,</span> <span class='ocrx_word' id='word_1_123' title='bbox 1167 1964 1231 2010; x_wconf 91' lang='lat' dir='ltr'>non</span> <span class='ocrx_word' id='word_1_124' title='bbox 1255 1947 1361 2010; x_wconf 90' lang='lat' dir='ltr'>totius</span> 
     </span>
     <span class='ocr_line' id='line_1_17' title="bbox 188 2052 1360 2135; baseline -0.003 -16"><span class='ocrx_word' id='word_1_125' title='bbox 188 2055 331 2119; x_wconf 89' lang='lat' dir='ltr'>alicuius</span> <span class='ocrx_word' id='word_1_126' title='bbox 356 2055 564 2135; x_wconf 88' lang='lat' dir='ltr'>Aeschyleae</span> <span class='ocrx_word' id='word_1_127' title='bbox 589 2055 747 2133; x_wconf 88' lang='lat' dir='ltr'>strophae</span> <span class='ocrx_word' id='word_1_128' title='bbox 766 2053 907 2133; x_wconf 84' lang='lat' dir='ltr'>singulis</span> <span class='ocrx_word' id='word_1_129' title='bbox 927 2054 1082 2119; x_wconf 86' lang='lat' dir='ltr'>versibus</span> <span class='ocrx_word' id='word_1_130' title='bbox 1104 2054 1248 2118; x_wconf 89' lang='lat' dir='ltr'>iocosam</span> <span class='ocrx_word' id='word_1_131' title='bbox 1270 2052 1360 2116; x_wconf 88' lang='lat' dir='ltr'>illam</span> 
     </span>
     <span class='ocr_line' id='line_1_18' title="bbox 156 2157 1361 2244; baseline -0.006 -19"><span class='ocrx_word' id='word_1_132' title='bbox 156 2163 163 2178; x_wconf 88' lang='grc'><em>“</em></span> <span class='ocrx_word' id='word_1_133' title='bbox 189 2161 402 2240; x_wconf 88' lang='lat' dir='ltr'>appendicem</span> <span class='ocrx_word' id='word_1_134' title='bbox 426 2161 519 2226; x_wconf 91' lang='lat' dir='ltr'>addit</span> <span class='ocrx_word' id='word_1_135' title='bbox 543 2159 702 2244; x_wconf 87' lang='lat' dir='ltr'>(itemque</span> <span class='ocrx_word' id='word_1_136' title='bbox 726 2180 757 2226; x_wconf 85' lang='lat' dir='ltr'>v.</span> <span class='ocrx_word' id='word_1_137' title='bbox 775 2166 1003 2243; x_wconf 77' lang='lat'>1285--1295,</span> <span class='ocrx_word' id='word_1_138' title='bbox 1029 2161 1085 2225; x_wconf 93' lang='lat' dir='ltr'>ubi</span> <span class='ocrx_word' id='word_1_139' title='bbox 1110 2157 1361 2241; x_wconf 72' lang='grc' dir='ltr'><em>φλαττοθραττο</em></span> 
     </span>
     <span class='ocr_line' id='line_1_19' title="bbox 189 2266 1360 2352; baseline 0.002 -24"><span class='ocrx_word' id='word_1_140' title='bbox 189 2266 403 2349; x_wconf 69' lang='grc' dir='ltr'><em>φλαττοθρατ</em></span> <span class='ocrx_word' id='word_1_141' title='bbox 419 2268 649 2352; x_wconf 86' lang='lat' dir='ltr'>immiscetur),</span> <span class='ocrx_word' id='word_1_142' title='bbox 667 2270 905 2333; x_wconf 87' lang='lat' dir='ltr'>obscuritatem</span> <span class='ocrx_word' id='word_1_143' title='bbox 923 2267 1086 2348; x_wconf 85' lang='lat' dir='ltr'>quandam</span> <span class='ocrx_word' id='word_1_144' title='bbox 1097 2267 1360 2348; x_wconf 89' lang='lat' dir='ltr'>Aeschyleornm</span> 
     </span>
     <span class='ocr_line' id='line_1_20' title="bbox 190 2371 1360 2458; baseline -0.003 -18"><span class='ocrx_word' id='word_1_145' title='bbox 190 2377 398 2440; x_wconf 92' lang='lat' dir='ltr'>choricornm</span> <span class='ocrx_word' id='word_1_146' title='bbox 424 2376 613 2454; x_wconf 85' lang='lat' dir='ltr'>impugnari</span> <span class='ocrx_word' id='word_1_147' title='bbox 637 2377 769 2439; x_wconf 90' lang='lat' dir='ltr'>Kockio</span> <span class='ocrx_word' id='word_1_148' title='bbox 794 2375 1021 2456; x_wconf 90' lang='lat' dir='ltr'>concedemus,</span> <span class='ocrx_word' id='word_1_149' title='bbox 1047 2376 1104 2454; x_wconf 88' lang='lat' dir='ltr'>qui</span> <span class='ocrx_word' id='word_1_150' title='bbox 1129 2372 1185 2458; x_wconf 90' lang='lat' dir='ltr'>(ad</span> <span class='ocrx_word' id='word_1_151' title='bbox 1204 2393 1233 2440; x_wconf 89' lang='lat' dir='ltr'>v.</span> <span class='ocrx_word' id='word_1_152' title='bbox 1261 2371 1360 2457; x_wconf 79' lang='lat'>1264)</span> 
     </span>
     <span class='ocr_line' id='line_1_21' title="bbox 189 2482 1400 2563; baseline -0.002 -16"><span class='ocrx_word' id='word_1_153' title='bbox 189 2491 340 2548; x_wconf 85' lang='lat' dir='ltr'>annotat:</span> <span class='ocrx_word' id='word_1_154' title='bbox 367 2491 497 2562; x_wconf 87' lang='lat' dir='ltr'>poetam</span> <span class='ocrx_word' id='word_1_155' title='bbox 529 2502 568 2547; x_wconf 92' lang='lat' dir='ltr'>co</span> <span class='ocrx_word' id='word_1_156' title='bbox 599 2482 693 2547; x_wconf 92' lang='lat' dir='ltr'>modo</span> <span class='ocrx_word' id='word_1_157' title='bbox 719 2482 909 2562; x_wconf 84' lang='lat' dir='ltr'>significare</span> <span class='ocrx_word' id='word_1_158' title='bbox 934 2483 1096 2563; x_wconf 88' lang='lat' dir='ltr'>voluisse,</span> <span class='ocrx_word' id='word_1_159' title='bbox 1121 2482 1150 2545; x_wconf 90' lang='lat' dir='ltr'>si</span> <span class='ocrx_word' id='word_1_160' title='bbox 1175 2482 1249 2561; x_wconf 90' lang='lat' dir='ltr'>quis</span> <span class='ocrx_word' id='word_1_161' title='bbox 1273 2483 1361 2546; x_wconf 90' lang='lat' dir='ltr'>eius·</span> <span class='ocrx_word' id='word_1_162' title='bbox 1397 2549 1400 2554; x_wconf 70' lang='grc'><strong>,</strong></span> 
     </span>
     <span class='ocr_line' id='line_1_22' title="bbox 189 2589 1360 2670; baseline 0 -17"><span class='ocrx_word' id='word_1_163' title='bbox 189 2589 276 2654; x_wconf 94' lang='lat' dir='ltr'>modi</span> <span class='ocrx_word' id='word_1_164' title='bbox 317 2599 473 2655; x_wconf 89' lang='lat' dir='ltr'>centones</span> <span class='ocrx_word' id='word_1_165' title='bbox 514 2591 749 2670; x_wconf 89' lang='lat' dir='ltr'>composuerit,</span> <span class='ocrx_word' id='word_1_166' title='bbox 790 2608 854 2655; x_wconf 91' lang='lat' dir='ltr'>non</span> <span class='ocrx_word' id='word_1_167' title='bbox 894 2590 1121 2654; x_wconf 86' lang='lat' dir='ltr'>obscuriorem</span> <span class='ocrx_word' id='word_1_168' title='bbox 1160 2591 1360 2653; x_wconf 86' lang='lat' dir='ltr'>sententiam</span> 
     </span>
     <span class='ocr_line' id='line_1_23' title="bbox 190 2694 1361 2778; baseline -0.001 -18"><span class='ocrx_word' id='word_1_169' title='bbox 190 2697 332 2763; x_wconf 89' lang='lat' dir='ltr'>evadere</span> <span class='ocrx_word' id='word_1_170' title='bbox 366 2717 461 2776; x_wconf 91' lang='lat' dir='ltr'>quam</span> <span class='ocrx_word' id='word_1_171' title='bbox 502 2716 585 2777; x_wconf 90' lang='lat' dir='ltr'>qnae</span> <span class='ocrx_word' id='word_1_172' title='bbox 622 2698 703 2762; x_wconf 89' lang='lat' dir='ltr'>insit</span> <span class='ocrx_word' id='word_1_173' title='bbox 739 2698 772 2761; x_wconf 92' lang='lat' dir='ltr'>in</span> <span class='ocrx_word' id='word_1_174' title='bbox 820 2697 1021 2761; x_wconf 89' lang='lat' dir='ltr'>carminibus</span> <span class='ocrx_word' id='word_1_175' title='bbox 1057 2697 1204 2761; x_wconf 91' lang='lat' dir='ltr'>intactis.</span> <span class='ocrx_word' id='word_1_176' title='bbox 1240 2694 1361 2778; x_wconf 72' lang='lat' dir='ltr'>&#39;Quan-</span> 
     </span>
     <span class='ocr_line' id='line_1_24' title="bbox 190 2796 1425 2885; baseline -0.001 -17"><span class='ocrx_word' id='word_1_177' title='bbox 190 2823 285 2883; x_wconf 87' lang='lat' dir='ltr'>quam</span> <span class='ocrx_word' id='word_1_178' title='bbox 322 2806 395 2884; x_wconf 87' lang='lat' dir='ltr'>quis</span> <span class='ocrx_word' id='word_1_179' title='bbox 431 2812 484 2869; x_wconf 90' lang='lat' dir='ltr'>est</span> <span class='ocrx_word' id='word_1_180' title='bbox 519 2805 598 2884; x_wconf 91' lang='lat' dir='ltr'>quin</span> <span class='ocrx_word' id='word_1_181' title='bbox 624 2806 725 2885; x_wconf 87' lang='lat' dir='ltr'>sciat,</span> <span class='ocrx_word' id='word_1_182' title='bbox 755 2824 850 2884; x_wconf 89' lang='lat' dir='ltr'>quam</span> <span class='ocrx_word' id='word_1_183' title='bbox 884 2823 987 2883; x_wconf 87' lang='lat' dir='ltr'>parva</span> <span class='ocrx_word' id='word_1_184' title='bbox 1010 2823 1089 2882; x_wconf 89' lang='lat' dir='ltr'>pars</span> <span class='ocrx_word' id='word_1_185' title='bbox 1114 2805 1186 2867; x_wconf 93' lang='lat' dir='ltr'>eius</span> <span class='ocrx_word' id='word_1_186' title='bbox 1212 2803 1360 2868; x_wconf 88' lang='lat' dir='ltr'>criminis</span> <span class='ocrx_word' id='word_1_187' title='bbox 1420 2796 1425 2805; x_wconf 84' lang='lat'><em>&#39;</em></span> 
     </span>
    </p>
   </div>
   <div class='ocr_carea' id='block_1_3' title="bbox 105 2905 357 2977">
    <p class='ocr_par' dir='ltr' id='par_1_3' title="bbox 105 2905 357 2977">
     <span class='ocr_line' id='line_1_25' title="bbox 105 2905 357 2977; baseline 0.004 -3"><span class='ocrx_word' id='word_1_188' title='bbox 105 2905 107 2909; x_wconf 46' lang='lat'><em>⁴</em></span> <span class='ocrx_word' id='word_1_189' title='bbox 191 2911 279 2976; x_wconf 89' lang='lat' dir='ltr'>iusta</span> <span class='ocrx_word' id='word_1_190' title='bbox 302 2913 357 2977; x_wconf 88' lang='lat' dir='ltr'>sit.</span> 
     </span>
    </p>
   </div>
   <div class='ocr_carea' id='block_1_4' title="bbox 189 3035 1361 3650">
    <p class='ocr_par' dir='ltr' id='par_1_4' title="bbox 189 3035 1361 3650">
     <span class='ocr_line' id='line_1_26' title="bbox 296 3035 1359 3115; baseline -0.004 -14"><span class='ocrx_word' id='word_1_191' title='bbox 296 3038 481 3115; x_wconf 89' lang='lat' dir='ltr'>Propterea</span> <span class='ocrx_word' id='word_1_192' title='bbox 507 3038 613 3115; x_wconf 81' lang='lat' dir='ltr'>igitur</span> <span class='ocrx_word' id='word_1_193' title='bbox 636 3056 700 3101; x_wconf 93' lang='lat' dir='ltr'>non</span> <span class='ocrx_word' id='word_1_194' title='bbox 725 3038 828 3102; x_wconf 90' lang='lat' dir='ltr'>licere</span> <span class='ocrx_word' id='word_1_195' title='bbox 853 3038 1009 3102; x_wconf 82' lang='lat' dir='ltr'>existimo</span> <span class='ocrx_word' id='word_1_196' title='bbox 1034 3036 1183 3100; x_wconf 91' lang='lat' dir='ltr'>adhibito</span> <span class='ocrx_word' id='word_1_197' title='bbox 1209 3037 1282 3099; x_wconf 91' lang='lat' dir='ltr'>loco</span> <span class='ocrx_word' id='word_1_198' title='bbox 1301 3035 1359 3098; x_wconf 92' lang='lat' dir='ltr'>illo</span> 
     </span>
     <span class='ocr_line' id='line_1_27' title="bbox 193 3143 1359 3224; baseline -0.002 -17"><span class='ocrx_word' id='word_1_199' title='bbox 193 3144 438 3221; x_wconf 89' lang='lat' dir='ltr'>Aristophaneo</span> <span class='ocrx_word' id='word_1_200' title='bbox 487 3146 697 3224; x_wconf 89' lang='lat' dir='ltr'>epbymnium</span> <span class='ocrx_word' id='word_1_201' title='bbox 751 3152 866 3209; x_wconf 91' lang='lat' dir='ltr'>nostro</span> <span class='ocrx_word' id='word_1_202' title='bbox 906 3146 979 3209; x_wconf 93' lang='lat' dir='ltr'>loco</span> <span class='ocrx_word' id='word_1_203' title='bbox 1016 3153 1091 3222; x_wconf 91' lang='lat' dir='ltr'>post</span> <span class='ocrx_word' id='word_1_204' title='bbox 1131 3143 1359 3221; x_wconf 85' lang='lat' dir='ltr'>antistrophas</span> 
     </span>
     <span class='ocr_line' id='line_1_28' title="bbox 189 3250 1358 3329; baseline -0.003 -14"><span class='ocrx_word' id='word_1_205' title='bbox 189 3251 328 3327; x_wconf 83' lang='lat' dir='ltr'>alteram</span> <span class='ocrx_word' id='word_1_206' title='bbox 354 3261 388 3317; x_wconf 86' lang='lat' dir='ltr'>et</span> <span class='ocrx_word' id='word_1_207' title='bbox 412 3253 546 3316; x_wconf 86' lang='lat' dir='ltr'>tertiam</span> <span class='ocrx_word' id='word_1_208' title='bbox 573 3253 753 3329; x_wconf 90' lang='lat' dir='ltr'>repetitum</span> <span class='ocrx_word' id='word_1_209' title='bbox 778 3251 964 3316; x_wconf 86' lang='lat' dir='ltr'>defendere.</span> <span class='ocrx_word' id='word_1_210' title='bbox 1012 3251 1093 3315; x_wconf 92' lang='lat' dir='ltr'>Nam</span> <span class='ocrx_word' id='word_1_211' title='bbox 1119 3252 1184 3316; x_wconf 89' lang='lat' dir='ltr'>etsi</span> <span class='ocrx_word' id='word_1_212' title='bbox 1214 3250 1358 3313; x_wconf 88' lang='lat' dir='ltr'>fortasse</span> 
     </span>
     <span class='ocr_line' id='line_1_29' title="bbox 189 3359 1361 3437; baseline 0.002 -18"><span class='ocrx_word' id='word_1_213' title='bbox 189 3365 266 3435; x_wconf 93' lang='lat' dir='ltr'>post</span> <span class='ocrx_word' id='word_1_214' title='bbox 300 3359 436 3422; x_wconf 88' lang='lat' dir='ltr'>tertiam</span> <span class='ocrx_word' id='word_1_215' title='bbox 477 3360 719 3437; x_wconf 86' lang='lat' dir='ltr'>antistropham</span> <span class='ocrx_word' id='word_1_216' title='bbox 759 3359 900 3423; x_wconf 88' lang='lat' dir='ltr'>tolerari</span> <span class='ocrx_word' id='word_1_217' title='bbox 937 3359 1052 3437; x_wconf 79' lang='lat' dir='ltr'>possit.</span> <span class='ocrx_word' id='word_1_218' title='bbox 1092 3367 1184 3423; x_wconf 88' lang='lat' dir='ltr'>certe</span> <span class='ocrx_word' id='word_1_219' title='bbox 1219 3359 1247 3422; x_wconf 92' lang='lat' dir='ltr'>si</span> <span class='ocrx_word' id='word_1_220' title='bbox 1284 3365 1361 3435; x_wconf 90' lang='lat' dir='ltr'>post</span> 
     </span>
     <span class='ocr_line' id='line_1_30' title="bbox 191 3464 1359 3546; baseline 0 -18"><span class='ocrx_word' id='word_1_221' title='bbox 191 3464 366 3529; x_wconf 89' lang='lat' dir='ltr'>secundam</span> <span class='ocrx_word' id='word_1_222' title='bbox 407 3467 624 3546; x_wconf 87' lang='lat' dir='ltr'>restituatur,</span> <span class='ocrx_word' id='word_1_223' title='bbox 665 3467 729 3529; x_wconf 90' lang='lat' dir='ltr'>iam</span> <span class='ocrx_word' id='word_1_224' title='bbox 764 3484 829 3530; x_wconf 91' lang='lat' dir='ltr'>non</span> <span class='ocrx_word' id='word_1_225' title='bbox 866 3467 1004 3530; x_wconf 88' lang='lat' dir='ltr'>multum</span> <span class='ocrx_word' id='word_1_226' title='bbox 1039 3467 1080 3530; x_wconf 90' lang='lat' dir='ltr'>ab</span> <span class='ocrx_word' id='word_1_227' title='bbox 1117 3465 1254 3543; x_wconf 89' lang='lat' dir='ltr'>ineptiis</span> <span class='ocrx_word' id='word_1_228' title='bbox 1290 3464 1359 3528; x_wconf 91' lang='lat' dir='ltr'>illis</span> 
     </span>
     <span class='ocr_line' id='line_1_31' title="bbox 191 3572 615 3650; baseline 0 -14"><span class='ocrx_word' id='word_1_229' title='bbox 191 3572 449 3650; x_wconf 90' lang='lat' dir='ltr'>Aristophaneis</span> <span class='ocrx_word' id='word_1_230' title='bbox 474 3573 615 3638; x_wconf 86' lang='lat' dir='ltr'>differat.</span> 
     </span>
    </p>
   </div>
   <div class='ocr_carea' id='block_1_5' title="bbox 190 3697 1360 4314">
    <p class='ocr_par' dir='ltr' id='par_1_5' title="bbox 190 3697 1360 4314">
     <span class='ocr_line' id='line_1_32' title="bbox 297 3697 1359 3778; baseline -0.002 -18"><span class='ocrx_word' id='word_1_231' title='bbox 297 3697 361 3761; x_wconf 80' lang='lat' dir='ltr'>Sed</span> <span class='ocrx_word' id='word_1_232' title='bbox 397 3698 551 3776; x_wconf 89' lang='lat' dir='ltr'>quoniam</span> <span class='ocrx_word' id='word_1_233' title='bbox 588 3699 673 3762; x_wconf 92' lang='lat' dir='ltr'>hunc</span> <span class='ocrx_word' id='word_1_234' title='bbox 709 3698 874 3763; x_wconf 89' lang='lat' dir='ltr'>Ranarum</span> <span class='ocrx_word' id='word_1_235' title='bbox 911 3699 1017 3762; x_wconf 92' lang='lat' dir='ltr'>locum</span> <span class='ocrx_word' id='word_1_236' title='bbox 1043 3698 1144 3762; x_wconf 86' lang='lat' dir='ltr'>semel</span> <span class='ocrx_word' id='word_1_237' title='bbox 1173 3697 1359 3778; x_wconf 85' lang='lat' dir='ltr'>attigimus,</span> 
     </span>
     <span class='ocr_line' id='line_1_33' title="bbox 190 3804 1360 3886; baseline 0 -18"><span class='ocrx_word' id='word_1_238' title='bbox 190 3804 413 3883; x_wconf 89' lang='lat' dir='ltr'>quaerendum</span> <span class='ocrx_word' id='word_1_239' title='bbox 438 3813 499 3886; x_wconf 89' lang='lat' dir='ltr'>est,</span> <span class='ocrx_word' id='word_1_240' title='bbox 525 3824 597 3869; x_wconf 91' lang='lat' dir='ltr'>cum</span> <span class='ocrx_word' id='word_1_241' title='bbox 623 3806 860 3882; x_wconf 88' lang='lat' dir='ltr'>Aristophanis</span> <span class='ocrx_word' id='word_1_242' title='bbox 884 3804 1064 3869; x_wconf 87' lang='lat' dir='ltr'>ludibrium</span> <span class='ocrx_word' id='word_1_243' title='bbox 1082 3804 1122 3868; x_wconf 86' lang='lat' dir='ltr'>ad</span> <span class='ocrx_word' id='word_1_244' title='bbox 1144 3806 1227 3869; x_wconf 87' lang='lat' dir='ltr'>talia</span> <span class='ocrx_word' id='word_1_245' title='bbox 1243 3811 1360 3868; x_wconf 89' lang='lat' dir='ltr'>nostra</span> 
     </span>
     <span class='ocr_line' id='line_1_34' title="bbox 191 3911 1359 3991; baseline -0.002 -16"><span class='ocrx_word' id='word_1_246' title='bbox 191 3911 322 3991; x_wconf 90' lang='lat' dir='ltr'>quidem</span> <span class='ocrx_word' id='word_1_247' title='bbox 358 3913 525 3976; x_wconf 88' lang='lat' dir='ltr'>sententia</span> <span class='ocrx_word' id='word_1_248' title='bbox 561 3913 730 3990; x_wconf 87' lang='lat' dir='ltr'>pertinere</span> <span class='ocrx_word' id='word_1_249' title='bbox 766 3930 829 3975; x_wconf 93' lang='lat' dir='ltr'>non</span> <span class='ocrx_word' id='word_1_250' title='bbox 854 3911 1018 3990; x_wconf 87' lang='lat' dir='ltr'>videatur,</span> <span class='ocrx_word' id='word_1_251' title='bbox 1042 3929 1201 3990; x_wconf 69' lang='lat' dir='ltr'>(quaenam</span> <span class='ocrx_word' id='word_1_252' title='bbox 1226 3911 1359 3991; x_wconf 91' lang='lat' dir='ltr'>epbym-</span> 
     </span>
     <span class='ocr_line' id='line_1_35' title="bbox 192 4017 1359 4097; baseline -0.002 -15"><span class='ocrx_word' id='word_1_253' title='bbox 192 4020 320 4083; x_wconf 91' lang='lat' dir='ltr'>niorum</span> <span class='ocrx_word' id='word_1_254' title='bbox 356 4020 507 4097; x_wconf 79' lang='lat' dir='ltr'>exernpla</span> <span class='ocrx_word' id='word_1_255' title='bbox 542 4037 581 4082; x_wconf 84' lang='lat' dir='ltr'>eo</span> <span class='ocrx_word' id='word_1_256' title='bbox 617 4026 804 4083; x_wconf 88' lang='lat' dir='ltr'>teneantur.</span> <span class='ocrx_word' id='word_1_257' title='bbox 852 4018 1117 4082; x_wconf 88' lang='lat' dir='ltr'>Reminiscamur</span> <span class='ocrx_word' id='word_1_258' title='bbox 1145 4036 1228 4097; x_wconf 85' lang='lat' dir='ltr'>quae</span> <span class='ocrx_word' id='word_1_259' title='bbox 1253 4017 1359 4081; x_wconf 90' lang='lat' dir='ltr'>adbuc</span> 
     </span>
     <span class='ocr_line' id='line_1_36' title="bbox 192 4124 1358 4206; baseline -0.001 -18"><span class='ocrx_word' id='word_1_260' title='bbox 192 4126 286 4189; x_wconf 92' lang='lat' dir='ltr'>nobis</span> <span class='ocrx_word' id='word_1_261' title='bbox 322 4127 533 4190; x_wconf 86' lang='lat' dir='ltr'>occurrerint</span> <span class='ocrx_word' id='word_1_262' title='bbox 568 4126 739 4190; x_wconf 89' lang='lat' dir='ltr'>liberioris</span> <span class='ocrx_word' id='word_1_263' title='bbox 772 4145 844 4190; x_wconf 90' lang='lat' dir='ltr'>cnm</span> <span class='ocrx_word' id='word_1_264' title='bbox 880 4124 1154 4189; x_wconf 88' lang='lat' dir='ltr'>antecedentibus</span> <span class='ocrx_word' id='word_1_265' title='bbox 1190 4126 1358 4206; x_wconf 88' lang='lat' dir='ltr'>epbymnii</span> 
     </span>
     <span class='ocr_line' id='line_1_37' title="bbox 191 4232 1359 4314; baseline -0.002 -17"><span class='ocrx_word' id='word_1_266' title='bbox 191 4233 435 4298; x_wconf 88' lang='lat' dir='ltr'>coniunctionis</span> <span class='ocrx_word' id='word_1_267' title='bbox 471 4234 630 4311; x_wconf 81' lang='lat' dir='ltr'>exempla.</span> <span class='ocrx_word' id='word_1_268' title='bbox 678 4233 749 4297; x_wconf 92' lang='lat' dir='ltr'>Hoc</span> <span class='ocrx_word' id='word_1_269' title='bbox 784 4232 913 4313; x_wconf 88' lang='lat' dir='ltr'>quidem</span> <span class='ocrx_word' id='word_1_270' title='bbox 937 4251 1053 4313; x_wconf 85' lang='lat' dir='ltr'>genus,</span> <span class='ocrx_word' id='word_1_271' title='bbox 1083 4251 1158 4314; x_wconf 89' lang='lat' dir='ltr'>quc,</span> <span class='ocrx_word' id='word_1_272' title='bbox 1183 4239 1220 4295; x_wconf 88' lang='lat' dir='ltr'>nt</span> <span class='ocrx_word' id='word_1_273' title='bbox 1244 4239 1359 4295; x_wconf 90' lang='lat' dir='ltr'>nostro</span> 
     </span>
    </p>
   </div>
   <div class='ocr_carea' id='block_1_6' title="bbox 0 0 1561 4890">
    <p class='ocr_par' dir='ltr' id='par_1_6' title="bbox 0 0 1561 4890">
     <span class='ocr_line' id='line_1_38' title="bbox 0 0 1561 4890; baseline 0 0"><span class='ocrx_word' id='word_1_274' title='bbox 0 0 1561 4890; x_wconf 95' lang='lat' dir='ltr'> </span> 
     </span>
    </p>
   </div>
  </div>
 </body>
</html>
